1696 2820
119 52 121 54 .
170 89 226 133 44
635 84 677 124 c.
701 73 954 123 sAans‘ri
978 49 1144 123 cmsm

129 218 133 222 ·
169 205 247 247 bus
285 199 404 246 annis
440 201 560 247 taciti
596 203 920 258 indignabamini
956 202 1159 245 aerarium
1194 203 1378 256 expilari,
1417 216 1530 257 reges
1568 211 1611 246 et

167 265 341 319 populos
357 264 506 306 liberos
522 263 663 318 paucis
682 263 886 305 nobilibus
903 262 1080 316 vectigal
1095 262 1286 316 pendere,
1305 276 1430 316 penes
1447 263 1609 305 eosdem

168 329 211 366 et
242 337 446 366 summam
479 324 648 377 gloriam
680 329 723 364 et
754 334 970 363 maxumas
1003 322 1168 363 divitias
1200 335 1301 363 esse:
1335 327 1477 363 tamen
1508 323 1608 365 haec

167 383 268 425 talia
280 383 463 425 facinora
476 384 630 436 inpune
644 382 866 435 suscepisse
879 395 1027 435 parum
1039 381 1231 431 habuere,
1246 382 1387 435 itaque
1401 387 1608 435 postremo

166 444 287 497 leges,
305 443 498 484 maiestas
515 448 668 492 vostra,
686 442 827 482 divina
843 447 885 482 et
901 441 1082 482 humana
1097 442 1235 482 omnia
1250 441 1436 483 hostibus
1452 442 1608 484 tradita

107 514 144 542 ιο
167 507 276 544 sunt.
311 516 443 555 neque
459 517 540 551 eOS,
559 502 631 555 qui
647 516 695 543 ea
711 502 854 550 fecere,
872 501 1003 555 pudet
1018 506 1093 541 aut
1108 501 1305 554 paenitet,
1325 501 1396 542 sed
1412 501 1608 543 incedunt

164 576 238 615 per
250 576 322 603 ora
335 567 476 603 vostra
490 561 711 614 magnifici,
728 561 932 602 sacrdotia
946 566 989 602 et
1003 561 1251 609 consulatus,
1266 574 1362 613 pars
1376 560 1608 614 triumphos

165 635 259 662 suos
275 626 542 670 ostentantes,
561 621 731 674 proinde
748 620 866 673 quasi
881 634 929 660 ea
945 620 1103 668 honori,
1122 634 1205 660 non
1219 620 1395 672 praedae
1412 620 1604 662 habeant.

104 691 139 718 ιι
164 680 272 722 servi
302 694 394 721 aere
424 680 560 733 parati
590 681 742 720 iniusta
773 679 943 732 imperia
975 679 1233 720 dominorum
1265 693 1348 720 non
1378 680 1603 732 perferunt:

164 755 249 789 vos,
273 740 461 789 Quirites,
477 740 521 780 in
534 740 704 792 imperio
720 740 820 788 nati,
837 741 968 792 aequo
983 739 1120 779 animo
1135 739 1376 779 servitutem
1389 739 1602 780 toleratis?

103 811 140 837 12
164 806 209 840 at
227 800 298 852 qui
316 805 413 840 sunt
431 800 480 847 ei,
503 799 573 851 qui
590 813 677 840 rem
695 799 901 852 publicam
921 799 1199 852 occupavere?
1235 797 1420 839 homines
1438 799 1603 839 scelera-

160 860 334 908 tissumi,
371 857 550 900 cruentis
584 859 786 907 manibus,
822 859 979 898 inmani
1013 858 1200 906 avaritia,
1238 858 1529 898 nocentissumi
1561 866 1605 900 et

161 919 270 959 idem
287 918 591 972 superbissumi,
613 918 759 971 quibus
778 919 881 959 fides
900 918 1022 959 decus
1039 917 1185 970 pietas,
1206 922 1413 970 postremo
1432 917 1605 958 honesta

100 989 138 1015 ιιι
161 984 286 1031 atque
316 978 534 1019 inhonesta
565 978 703 1019 omnia
736 978 925 1031 quaestui
955 983 1064 1018 sunt.
1111 991 1207 1029 pars
1238 990 1379 1017 eorum
1410 977 1604 1019 occidisse

159 1037 346 1078 tribunos
375 1037 517 1090 plebis,
550 1038 619 1078 alii
648 1038 908 1090 quaestiones
937 1037 1122 1085 iniustas,
1154 1036 1334 1089 plerique
1365 1036 1531 1078 caedem
1560 1037 1604 1078 in

100 1109 136 1135 14
160 1111 234 1138 vos
254 1098 396 1138 fecisse
416 1111 491 1150 pro
513 1096 768 1138 munimento
790 1097 956 1138 habent.
994 1097 1053 1137 ita
1076 1110 1199 1149 quam
1221 1096 1393 1148 quisque
1414 1110 1601 1148 pessume

155 1211 232 1252 bat,
274 1211 342 1246 sed
384 1210 427 1246 id
468 1211 556 1247 iure
598 1223 670 1256 pro
713 1212 841 1247 salute
912 1211 1030 1256 quasi
1052 1222 1099 1246 ea
1120 1221 1219 1256 quae
1241 1209 1411 1256 praedae
1435 1210 1600 1255 luerunt

153 1259 311 1304 patriae
354 1259 506 1303 jactum
549 1270 631 1294 esse
676 1258 839 1295 dicebat.
912 1257 969 1293 ‘iis
993 1258 1136 1294 honori
1159 1258 1263 1299 «ήκω
1286 1258 1327 1292 in
1351 1259 1600 1294 sententioser

199 1308 233 1342 9.
282 1307 561 1352 superioribus
586 1317 696 1342 usw.:
743 1307 841 1342 nach
911 1305 1049 1346 Kiirze‚
1091 1305 1229 1341 welche
1269 1305 1330 1341 die
1369 1306 1601 1342 rhetorische

151 1354 238 1390 dem
250 1354 464 1390 ironischen
477 1354 751 1401 Zugestandnis
764 1366 841 1390 von
914 1353 1296 1400 Gegenuberstellung
1315 1353 1382 1388 der
1401 1354 1470 1400 eig.
1492 1354 1601 1389 nicht

155 1404 173 1446 ξ
193 1404 216 1438 8
234 1402 329 1438 wird
347 1402 409 1438 die
431 1403 449 1448 ξ
470 1404 491 1437 ’1
511 1402 754 1448 angehobene
773 1403 839 1438 Er·
909 1400 1231 1447 gegensatzlichen
1292 1401 1457 1448 Begriffe
1517 1414 1597 1437 ver-

151 1449 313 1496 zahlung
360 1450 602 1496 asyndetisch
650 1451 839 1496 w'eiterge-
909 1450 1056 1491 anlasst,
1099 1448 1266 1484 derselbe
1312 1449 1489 1485 Gedanke
1531 1451 1599 1485 wic

150 1497 258 1533 fiihrt
289 1498 346 1532 bis
378 1497 444 1534 auf
475 1498 536 1533 die
566 1498 718 1544 jiingste
750 1498 837 1533 Ver·
908 1499 942 1539 4,
969 1496 1039 1538 7f.,
1065 1497 1140 1543 vgl.
1167 1498 1201 1538 3,
1232 1497 1261 1531 l.

150 1546 392 1592 gangenheit3
419 1545 537 1581 daher
561 1546 839 1591 superioribus
959 1546 1012 1579 ll.
1057 1544 1162 1579 servi
1187 1555 1296 1579 usw.:
1341 1544 1406 1579 der
1449 1544 1599 1580 Redner

149 1604 226 1628 von
244 1593 331 1629 dom
354 1592 622 1639 Standpunkte
641 1593 706 1628 des
729 1594 836 1639 Spre·
908 1591 1027 1627 denkt
1041 1603 1090 1627 an
1105 1591 1166 1627 die
1181 1591 1302 1627 durch
1317 1591 1378 1626 die
1396 1591 1595 1627 Grausam-

151 1641 319 1676 chandeu
345 1652 425 1676 aus.
906 1640 987 1675 keit
1005 1639 1072 1675 der
1091 1639 1238 1675 Herr'en
1259 1639 1596 1686 hervorgerufenen

199 1689 314 1724 taciti
355 1688 701 1733 indiqnabamini:
783 1689 837 1724 ‘in
909 1687 1246 1723 Sklavenunruhen
1290 1687 1331 1722 in
1374 1688 1472 1722 Rom
1516 1688 1593 1723 und

148 1741 332 1772 stummer
370 1737 609 1782 Entriistung
646 1736 741 1771 liesst.
777 1737 837 1772 ihr
906 1736 1055 1776 Italian,
1067 1735 1204 1770 welche
1213 1734 1332 1770 durch
1341 1735 1596 1770 massenhafte

149 1796 187 1820 es
209 1784 442 1830 geschehen'.
905 1783 1210 1830 Hinrichtungen
1256 1782 1454 1829 gedfimpft
1499 1795 1592 1819 wur-

193 1832 398 1868 aerarium
416 1831 612 1877 expilari:
629 1831 750 1866 durch
767 1831 837 1867 das
904 1831 979 1866 den
1014 1832 1127 1875 (133),
1163 1829 1242 1866 und
1277 1842 1327 1865 an
1360 1830 1434 1866 den
1468 1835 1593 1866 ersten
1614 1849 1620 1854 -

147 1879 385 1915 Verbreohen
399 1879 465 1915 des
479 1880 689 1924 peculatus
706 1880 741 1923 (ξ
759 1880 833 1924 25).
907 1879 1176 1924 Sklavenkrieg
1194 1879 1234 1913 in
1257 1877 1417 1920 Sizilien,
1438 1879 1595 1914 welcher

194 1939 341 1972 parum
384 1944 422 1957 =
471 1939 552 1963 non
595 1927 716 1968 δαείω
757 1928 832 1973 vgl.
903 1927 1001 1962 volle
1022 1927 1102 1962 drei
1125 1926 1244 1962 Jahre
1265 1926 1408 1962 wiihrte
1430 1927 1514 1970 (134
1537 1927 1594 1962 bis

149 1975 252 2018 §22
907 1976 1006 2019 132);
1050 1973 1141 2010 bald
1180 1973 1299 2020 folgte
1340 1973 1486 2009 ebenda
1527 1974 1593 2010 der

196 2022 338 2058 divina
382 2028 416 2058 et
459 2023 636 2058 humma
678 2023 832 2058 omnia:
904 2023 1033 2058 zweite
1061 2023 1236 2058 102—99.

144 2068 376 2111 formelhaft,
401 2082 431 2105 s.
457 2072 492 2111 5,
518 2071 556 2111 2;
587 2071 604 2115 §
631 2070 688 2106 20.
950 2071 996 2106 in
1031 2070 1200 2116 imperio
1236 2069 1341 2104 nati:
1375 2069 1442 2104 im
1476 2069 1588 2104 Hert-

193 2117 390 2154 hostibus.-
421 2117 520 2153 ‘dem
552 2116 830 2158 Landesfeind‘,
901 2117 1143 2153 soherstande
1169 2116 1341 2164 geboren'
1369 2128 1493 2152 waren
1520 2117 1590 2152 alle

142 2165 183 2199 in
218 2168 337 2200 erster
371 2165 478 2200 Linie
514 2165 716 2211 Iugurtha;
755 2170 830 2200 tra·
903 2165 1111 2201 romischen
1142 2165 1296 2210 Biirger,
1327 2164 1494 2200 insofern
1525 2164 1592 2199 der

143 2211 247 2248 dita:
269 2213 433 2248 ironisch
456 2213 509 2247 ‘in
531 2213 592 2249 die
614 2211 750 2248 Hande
773 2225 830 2259 ge·
901 2217 1107 2249 souverane
1129 2224 1220 2258 pop.
1245 2213 1355 2248 Rom.
1379 2212 1446 2247 der
1467 2212 1588 2248 recht—

143 2259 250 2306 legt';
285 2260 421 2295 anders
456 2262 473 2304 ,ξ
508 2261 554 2295 25
586 2260 757 2306 prodita.
902 2261 1028 2307 massig
1029 2273 1049 2296 e
1071 2261 1211 2307 Ττᾶςθι·
1235 2259 1312 2294 und
1338 2260 1501 2295 Inhaber
1524 2260 1589 2294 des

194 2308 251 2343 10.
273 2319 344 2353 per
363 2320 450 2343 ora:
470 2319 590 2354 genau
610 2319 832 2353 genommen
903 2309 997 2354 imp.
1022 2320 1099 2344 war
1120 2307 1210 2354 (vgl.
1238 2309 1255 2351 ξς
1280 2309 1353 2350 20).

141 2354 338 2392 ‘zwischen
369 2382 377 2390 .
413 2382 420 2390 .
455 2382 463 2390 .
499 2355 710 2397 hindurch',
741 2355 832 2391 oder
952 2358 1004 2391 14.
1032 2367 1183 2402 quam.
1211 2383 1219 2391 .
1284 2360 1382 2391 tam:
1406 2355 1478 2389 mit
1499 2353 1586 2389 dem

142 2403 302 2449 weniger
319 2402 445 2438 soharf
463 2403 526 2437 ‘an
546 2430 554 2438 .
578 2430 585 2437 .
610 2431 617 2438 .
641 2402 1339 2449 voriiber’.Super1„gleiohwertig
1504 2428 1512 2436 .

188 2450 405 2495 maqnijioi
420 2466 457 2479 =
480 2451 763 2495 superbientes.
900 2453 971 2486 mit
1007 2451 1093 2487 dem
1131 2450 1329 2496 Kompar„
1365 2412 1588 2485 ἷὲἷείοὶιηει

188 2509 305 2544 pare:
327 2498 402 2533 ‘ein
423 2498 503 2533 Teil
527 2500 616 2541 (von
639 2499 712 2533 den
734 2498 829 2533 eben
897 2500 958 2533 ein
980 2498 1280 2545 proportionales
1299 2497 1484 2533 Wachsen
1507 2497 1583 2531 und

143 2545 378 2589 erwfihnoen)
407 2557 474 2592 gar
502 2545 622 2581 noch‘.
898 2547 949 2581 ist
969 2547 1052 2582 eine
1074 2558 1145 2582 nur
1166 2545 1232 2581 der
1253 2545 1396 2580 §.lteren
1421 2544 1472 2590 Sp
1476 2544 1584 2579 tache

191 2594 310 2639 quasi
337 2605 383 2629 ea
410 2620 418 2628 .
449 2620 456 2629 .
487 2619 494 2628 .
524 2593 710 2630 habeant:
737 2593 773 2628 d.
802 2594 825 2627 i
898 2594 1080 2641 gehiufigo
1130 2592 1340 2640 Wendung,
1392 2556 1472 2627 diep
1504 2591 1585 2627 sich
