1696 2820
158 89 240 135 108
622 85 663 124 ο.
691 83 945 123 sAnnvs'm
970 71 1135 123 omem

115 215 133 243 ⁵
157 205 270 247 tione
304 218 379 246 sua
410 205 565 247 Marius
599 208 819 246 attexeret.
870 216 967 244 nam
998 207 1233 256 postquam,
1270 201 1459 243 omnibus
1492 216 1599 256 quae

155 265 440 318 postulaverat
477 263 664 314 decretis,
703 263 854 305 milites
891 262 1066 304 seribere
1104 262 1205 311 volt,
1245 261 1439 303 hortandi
1476 275 1600 302 eausa

156 323 278 366 simul
313 329 357 365 et
393 324 654 366 nobilitatem
689 324 753 365 uti
788 328 1057 364 consueverat
1093 322 1329 375 exagitandi
1365 321 1598 362 contionem

158 382 300 438 populi
321 384 554 425 advocavit.
592 383 739 424 deinde
760 383 837 424 hoc
858 382 981 423 modo
1002 381 1208 422 dissemit:

83 447 133 484 85
259 443 370 485 ‘Scio
390 457 476 496 ego,
507 443 696 492 Quirites,
719 443 932 496 plerosque
953 455 1037 482 non
1055 441 1185 482 isdem
1206 441 1363 481 artibus
1384 440 1599 494 imperium

157 517 182 544 a
196 502 313 544 vobis
326 508 466 557 petere
479 507 535 552 et,
550 507 772 556 postquam
786 501 926 555 adepti
939 506 1049 550 sunt,
1065 514 1216 554 gerere:
1232 501 1363 554 primo
1377 500 1599 541 industrios

158 562 360 617 supplices
376 562 557 603 modicos
573 576 671 611 esse,
691 561 786 603 dein
800 575 873 614 per
888 560 1095 614 ignaviam
1111 565 1154 600 et
1169 560 1401 613 superbiam
1418 564 1598 600 aetatem

117 633 136 660 2
159 635 290 676 agere.
324 622 396 663 sed
412 621 513 662 mihi
529 627 673 663 eontra
690 635 738 662 ea
754 620 934 661 videtur:
955 634 1063 669 nam,
1085 633 1165 672 quo
1182 619 1310 673 pluris
1327 625 1389 661 est
1405 620 1600 660 univorsa

157 695 221 723 res
238 681 403 735 publica
421 695 546 734 quam
564 681 800 722 consulatus
819 685 892 720 aut
909 684 1116 733 praetura,
1137 693 1184 720 eo
1202 678 1355 719 maiore
1373 692 1470 719 cura
1487 679 1599 719 illam

116 752 134 779 ³
158 740 437 782 administrari
455 755 580 794 quam
599 741 699 782 haec
718 740 806 793 peti
824 739 983 780 debere.
1020 752 1152 792 neque
1171 752 1236 779 me
1255 738 1375 787 fallit,
1398 743 1601 791 quantum

157 814 252 842 eum
269 813 464 842 maxumo
482 800 682 841 beneficio
699 804 840 840 vostro
859 798 998 852 negoti
1015 798 1252 839 sustineam.
1287 797 1439 838 bellum
1456 811 1599 850 parare

157 860 278 903 simul
307 866 351 901 et
381 860 536 901 aerario
565 873 743 913 parcere,
776 872 917 912 cogere
948 858 1002 898 ad
1031 857 1222 898 militiam
1251 871 1332 906 eOS,
1365 871 1466 910 quos
1497 857 1601 898 nolis

157 919 378 969 offendere,
399 919 511 960 domi
526 919 706 972 forisque
725 918 862 959 omnia
880 932 1034 966 curare,
1054 922 1097 958 et
1114 931 1162 958 ea
1181 930 1299 970 agere
1315 917 1423 957 inter
1440 916 1601 957 invidos

116 991 133 1016 4
157 980 409 1020 occursantis
430 979 636 1028 factiosos,
662 979 866 1032 opinione,
899 977 1089 1026 Quirites,
1114 976 1295 1030 asperius
1319 981 1393 1017 est.
1434 975 1487 1016 ad
1510 976 1600 1026 hoc,

157 1039 226 1079 alii
244 1039 279 1080 si
297 1038 516 1092 deliquere,
535 1044 656 1079 vetus
675 1038 880 1086 nobilitas,
901 1037 1103 1077 maiorum
1121 1036 1245 1077 fortia
1263 1036 1389 1084 facta,
1410 1041 1600 1089 cognato·

157 1112 250 1139 rum
271 1104 314 1140 et
335 1098 537 1139 adfinium
559 1112 668 1152 opes,
692 1098 847 1138 multae
869 1096 1094 1146 clientelae,
1118 1096 1256 1136 omnia
1277 1096 1377 1136 haee
1399 1095 1600 1148 praesidio

158 1158 328 1206 adsum-,3
343 1158 445 1199 mihi
458 1172 550 1211 spes
563 1171 704 1198 omnes
719 1157 762 1197 in
776 1162 928 1197 memet
941 1156 1057 1204 sitae,
1075 1169 1176 1208 quas
1191 1170 1351 1196 necesse
1366 1161 1429 1196 est
1443 1154 1597 1196 virtute

115 1228 133 1255 5
157 1223 200 1259 et
220 1218 455 1259 innocentia
476 1218 625 1265 tutari3
650 1231 746 1257 nam
769 1217 849 1256 alia
870 1216 1036 1256 infirma
1058 1220 1167 1256 sunt.
1206 1220 1249 1255 et
1269 1214 1372 1255 illud
1393 1214 1595 1266 intellego,

164 1277 354 1326 Quirites,
383 1277 566 1318 omnium
594 1290 666 1317 ora
691 1277 735 1316 in
761 1290 826 1316 me
852 1289 1052 1317 convorsa
1079 1289 1182 1322 esse;
1211 1288 1362 1327 aequos
1389 1273 1597 1326 bonosque

157 1337 295 1378 favere
321 1362 374 1367 -
404 1337 554 1390 quippe
583 1350 675 1377 mea
703 1336 806 1376 bene
835 1335 948 1376 faeta
976 1335 1034 1375 rei
1063 1334 1249 1387 publicae
1277 1333 1505 1387 procedunt
1530 1358 1595 1381 ——,

200 1427 262 1465 85.
282 1430 310 1464 l.
327 1440 409 1465 non
425 1427 551 1464 isdem
565 1427 722 1464 artibus
736 1439 846 1466 usna:

153 1477 283 1513 Livius
319 1480 407 1523 sagt
439 1478 488 1521 (7,
523 1477 581 1517 33,
616 1477 653 1520 3)
686 1486 763 1511 von
794 1476 844 1510 M.

152 1523 323 1560 Valerius
343 1525 488 1561 Corvus
508 1523 669 1570 ‘quibus
689 1523 847 1559 artibus

153 1572 324 1617 petierat
382 1572 658 1617 maqistratus,
720 1570 846 1607 isdem

153 1619 332 1665 qen-baffi,
353 1619 519 1656 namlieh
539 1619 655 1656 bonis
675 1619 843 1654 artibus.

153 1667 247 1703 Hier
291 1668 344 1703 iet
388 1666 535 1704 freilioh
582 1666 679 1702 auc-h
725 1666 845 1701 dieses

153 1715 264 1751 halbe
298 1714 379 1752 Lob
412 1715 499 1750 sehr
530 1714 842 1761 problematisch;

153 1763 253 1798 denn
304 1763 371 1798 der
425 1763 518 1799 Sinn
568 1764 621 1797 ist
671 1761 845 1808 ‘anfangs

152 1811 294 1847 kehren
313 1811 366 1847 sie
385 1810 446 1846 die
465 1813 555 1857 gute
577 1810 676 1847 Seite
696 1810 844 1850 het-aus,

152 1858 319 1894 naohher
336 1858 398 1894 die
416 1858 616 1894 schleehte'
640 1858 729 1903 (vgl.
754 1858 771 1902 ᾗ
791 1859 844 1901 9),

153 1906 232 1942 und
261 1918 300 1942 es
329 1906 424 1942 wird
454 1907 534 1942 also
564 1906 625 1941 die
655 1906 846 1941 Nobilitat

152 1965 231 1990 von
276 1955 379 1991 einer
424 1954 589 1990 anderen
638 1953 738 1988 Seite
785 1964 842 1999 ge·

154 2002 278 2038 tadelt
319 2002 374 2037 als
409 2006 518 2038 sonat
553 2003 593 2036 in
627 2001 694 2037 der·
728 2001 844 2047 Regel

154 2050 214 2085 bei
242 2049 393 2085 Sallust.

202 2098 235 2133 2.
270 2096 339 2133 sed
371 2125 379 2132 .
415 2124 423 2132 .
458 2125 466 2132 .
503 2096 676 2133 videtur:
708 2096 843 2131 ‘meino

152 2145 314 2181 Annicht,
344 2144 445 2180 lauit
474 2145 560 2180 dem
593 2143 729 2190 gerade
760 2148 840 2180 ent-

153 2204 197 2240 ge
222 2192 299 2234 en’;
327 2192 485 2229 videtur
508 2192 614 2227 steht
638 2194 841 2237 imperson-

152 2241 200 2276 lic
264 2241 337 2275 mit
370 2240 486 2281 mihi,
524 2241 576 2275 im
616 2240 730 2275 Sinne
767 2250 843 2275 von

153 2299 221 2333 eqo
255 2288 397 2329 sentio,
434 2287 589 2327 iudico:
623 2287 720 2322 dazu
755 2288 845 2322 tritt

152 2335 340 2372 zunaohst
390 2335 451 2372 die
505 2335 720 2370 adverbiale
774 2334 841 2369 Be-

151 2385 362 2430 stimmung
415 2388 554 2420 contra
609 2394 655 2418 ea
710 2381 845 2426 (wofiir

153 2431 251 2467 auch
275 2436 413 2468 contra
437 2433 609 2478 geffligte,
635 2430 709 2476 vgl.
740 2430 758 2473 ξ
783 2430 841 2470 22,

153 2479 416 2526 gleichwerffig,
463 2478 553 2514 aber
596 2478 744 2513 stiirker
788 2477 844 2512 als

152 2538 235 2564 ‘non
275 2526 362 2570 ita),
404 2526 570 2562 hernach
610 2525 730 2560 durch
770 2537 842 2560 ex-

151 2574 403 2621 plikatives
423 2586 517 2611 nam
535 2574 761 2620 eingeleitet,
783 2573 843 2608 ein

154 2622 240 2659 Aee.
267 2633 299 2658 c.
325 2622 411 2663 inf.;
438 2621 598 2659 beaehte
621 2622 660 2657 in
685 2621 771 2656 dem
797 2632 842 2655 zu

905 1427 1046 1462 diesem
1069 1426 1271 1472 goher-igen
1292 1424 1596 1471 Vergleichungs-

907 1477 1011 1510 satze
1037 1473 1111 1508 den
1136 1474 1236 1509 mod.
1265 1473 1378 1509 indic.

952 1523 985 1556 3.
1022 1533 1211 1557 maxumo
1246 1520 1464 1564 beneficio:
1499 1520 1535 1555 d.
1572 1522 1596 1555 i.

905 1569 1139 1609 consulatu:
1166 1580 1211 1604 zu
1240 1570 1298 1609 31,
1330 1570 1385 1604 16.

953 1622 989 1652 et
1029 1628 1075 1651 ea
1112 1627 1246 1661 eme-re:
1284 1616 1353 1651 ἔτι
1392 1615 1435 1650 δὲ
1475 1617 1599 1650 ταῦτα

908 1664 1103 1710 πράττειν.

951 1715 984 1748 4.
1039 1711 1120 1747 alii
1165 1711 1203 1745 si
1247 1710 1467 1757 deliquere:
1521 1710 1598 1755 vgl.

903 1760 990 1806 Lys.
1041 1760 1098 1801 12,
1149 1760 1192 1794 18
1239 1758 1312 1794 οὐκ
1358 1759 1424 1794 οὖν
1469 1757 1600 1793 δεινὸν

904 1808 1070 1850 τούτους
1123 1806 1192 1852 μὲν
1246 1807 1371 1849 οὕτως
1423 1804 1600 1851 εὐτυχεῖς

904 1856 1015 1897 εἶναι,
1066 1854 1172 1894 ὥστ’,
1224 1853 1383 1890 ἐπειδὰν
1433 1853 1597 1898 ἐξαμαρ-

904 1904 1040 1945 τόντες
1068 1903 1264 1948 ληφθῶσι,
1297 1902 1363 1937 διὰ
1394 1901 1439 1936 τὸ
1471 1902 1600 1937 αὐτῶν

903 1952 1018 1997 γένος
1048 1949 1256 1993 σώζεσθαι.

952 1999 1206 2035 innocentia:
1234 1998 1315 2033 hier
1341 1998 1393 2033 im
1421 1997 1598 2032 weiteren

906 2047 1020 2082 Sinne
1067 2063 1104 2076 z
1153 2057 1307 2082 morum
1353 2045 1596 2088 intem-itate.

950 2098 982 2130 5.
1011 2095 1152 2130 bonos:
1177 2094 1250 2129 mit⁴
1274 2093 1509 2138 Anspielung
1533 2092 1598 2127 aui

902 2142 963 2177 die
993 2141 1240 2187 Anwendung
1268 2140 1334 2175 des
1362 2140 1515 2175 Wortes
1543 2140 1599 2174 als

902 2190 1167 2235 Bezeichnung
1183 2188 1251 2224 der
1266 2187 1493 2234 politisohen
1509 2187 1598 2223 Par-

902 2239 967 2279 tei,
1002 2250 1048 2273 zu
1080 2238 1163 2273 Cat.
1199 2238 1258 2277 37,
1293 2237 1332 2277 3;
1368 2235 1487 2271 daher
1519 2235 1600 2270 hier

901 2287 974 2321 mit
1002 2297 1151 2330 aequos
1181 2294 1412 2320 zusammen.

950 2334 1043 2369 bene
1079 2334 1206 2377 facta:
1240 2332 1471 2367 niichterner
1502 2330 1596 2365 Aus-

901 2381 1036 2422 druck,
1067 2381 1135 2416 der
1151 2377 1513 2426 Moralphilosophie
1538 2388 1596 2423 ge-

902 2428 1032 2474 laufig,
1067 2429 1141 2474 vgl.
1176 2429 1258 2464 Cat.
1295 2429 1331 2468 8,
1364 2429 1398 2468 5,
1432 2425 1599 2461 naohher

904 2478 922 2519 ἐξ
955 2478 977 2512 9
1009 2477 1104 2512 bene
1137 2476 1288 2519 lacere:
1318 2474 1429 2509 sollte
1460 2473 1509 2507 M.
1543 2473 1599 2507 als

900 2524 1218 2559 selbstbewusster
1279 2521 1600 2557 Par-lamentarier

901 2572 1098 2617 spreohen,
1142 2582 1184 2606 so
1226 2568 1354 2605 wiirde
1395 2568 1461 2603 ihn
1508 2569 1595 2604 Sall.

903 2620 1105 2664 beneficia
1139 2616 1330 2654 brauohen
1365 2616 1500 2652 lassen.
