1696 2820
147 56 202 99 74
607 51 650 91 c.
675 16 930 93 sALnus‘n
954 50 1123 99 omsm,

102 183 103 187 ’
145 171 314 222 incerta,
340 172 463 221 foeda,
482 177 608 226 atque
625 171 880 214 miserabilis:
903 171 1114 226 dispersis.
1128 171 1211 212 suis
1225 185 1322 225 pars
1342 171 1496 223 cedere,
1520 171 1587 212 alii

149 233 326 286 insequi;
346 245 479 286 neque
495 232 612 285 signa
628 245 760 285 neque
778 231 939 273 ordines
957 231 1192 279 observare;
1211 231 1282 271 ubi
1300 244 1502 284 quemque
1519 246 1587 285 pe-

149 293 324 335 riculum
338 296 515 346 ceperat,-
532 291 590 333 ibi
605 291 792 333 resistere
807 305 855 333 ac
870 291 1126 344 propulsum
1143 304 1258 332 arma
1273 291 1370 338 tela,
1387 291 1484 344 equi
1496 291 1588 340 viri,

150 354 288 396 hostes
302 348 428 406 atdue
441 352 550 393 cives
563 351 774 406 permixti;
791 351 891 392 nihil
904 351 1071 392 consilio
1085 365 1217 404 neque
1230 350 1399 404 imperio
1414 351 1491 404 agi,
1506 351 1589 392 fors

109 423 128 452 2
151 411 290 454 omnia
308 425 457 465 rege-re.
493 411 634 465 itaque
654 411 833 452 multum
853 410 932 451 diei
953 415 1215 463 processerat,
1239 424 1332 451 eum
1353 410 1478 452 etiam
1499 415 1589 451 tum

153 476 326 514 eventus
348 472 394 512 in
416 471 571 512 incerto
596 476 696 512 erat.

208 548 210 550 ’
237 531 425 584 Denique
437 531 626 572 omnibus
636 530 775 572 labore
787 535 830 571 et
841 535 958 571 aestu
968 529 1170 582 languidis
1181 530 1380 579 Metellus,
1394 530 1464 569 ubi
1475 529 1591 570 videt

152 589 354 633 Numidas
375 590 510 631 minus
531 590 699 639 instare5
732 590 933 643 paulatim
961 589 1111 630 milites
1145 589 1189 629 in
1221 603 1350 630 unum
1383 589 1589 637 conducit,

152 651 315 693 ordines
336 650 519 691 restituit
541 655 582 691 et
603 650 782 691 cohortis
794 649 1036 703 legionarias
1064 653 1262 702 quattuor
1283 649 1502 690 advorsum
1523 663 1591 702 pe-

112 723 130 750 4
153 711 260 752 dites
281 710 462 752 hostium
491 709 690 751 conlocat.
737 723 877 750 eorum
907 723 1056 762 magna
1083 722 1178 762 pars
1200 709 1474 761 superioribus
1494 708 1592 749 loeis

152 771 260 812 fessa
281 769 532 811 consederat.
570 769 690 810 simul
718 783 834 810 orare
855 774 898 810 et
919 768 1075 809 hortari
1101 768 1262 816 milites,
1293 782 1344 808 ne
1371 768 1593 809 deficerent

154 844 235 872 neu
261 834 503 883 paterentur
531 829 659 870 hostis
680 829 874 882 fugientis
894 828 1072 869 vincere:
1103 841 1235 880 neque
1255 827 1333 868 illis
1354 833 1489 868 castra
1508 841 1594 868 esse

155 903 287 943 neque
315 889 618 930 munimentum
637 888 779 937 ullum,
810 902 891 941 quo
920 888 1109 929 cedentes
1137 887 1373 935 tenderent;
1402 887 1446 927 in
1472 886 1595 927 armis

113 961 131 987 5
155 948 294 992 omnia
331 949 422 989 sita.
478 948 549 989 sed
587 963 638 989 ne
677 949 877 1001 Iugurtha
916 948 1081 1001 quidem
1108 947 1266 988 interea
1297 947 1460 1000 quietus
1489 952 1593 987 erat:

155 1008 367 1051 circumire
405 1008 583 1057 hortari,
625 1022 822 1049 renovare
860 1007 1059 1060 proelium
1099 1012 1141 1048 ct
1176 1007 1262 1059 ipse
1299 1020 1392 1047 eum
1429 1006 1595 1047 delectis

154 1074 358 1122 temptare
384 1067 539 1116 omnia;
569 1067 785 1108 subvenire
810 1068 904 1116 suis,
935 1067 1120 1108 hostibus
1146 1066 1280 1107 dubiis
1297 1066 1463 1114 instare,
1495 1079 1596 1118 quos

81 1133 132 1172 52
155 1129 297 1170 firmos
325 1132 573 1181 cognoverat
602 1127 759 1168 eminus
788 1127 1008 1180 pugnando
1037 1126 1224 1167 retinere.
1263 1141 1310 1167 eo
1339 1125 1461 1166 modo
1490 1125 1597 1166 inter

155 1203 199 1230 se
219 1188 301 1229 duo
322 1188 601 1240 imperatores,
624 1187 773 1228 summi
793 1186 884 1235 viri,
907 1186 1136 1234 certabant,
1161 1186 1238 1239 ipsi
1259 1198 1390 1238 pares,
1416 1190 1595 1226 ceterum

156 1247 302 1302 opibus
326 1246 569 1301 disparibus.
596 1260 692 1286 nam
714 1246 828 1299 (pro)
843 1246 1006 1287 Metello
1022 1246 1154 1286 virtus
1170 1245 1347 1285 militum
1363 1250 1464 1294 erat,
1485 1245 1597 1285 loeus

115 1320 135 1348 2
158 1309 375 1355 advorsus3
414 1307 638 1360 Iugurthae
676 1306 756 1346 alia
793 1306 931 1348 omnia
968 1310 1132 1360 praeter
1166 1305 1316 1345 milites
1351 1310 1596 1358 opportuna.

262 1367 450 1420 Denique
486 1366 677 1414 Romani,
721 1366 792 1407 ubi
826 1366 1070 1419 intellegunt
1099 1378 1231 1418 neque
1262 1364 1339 1404 sibi
1368 1363 1598 1418 perfugium

159 1442 244 1471 esse
281 1441 413 1480 neque
447 1426 498 1467 ab
531 1427 648 1467 hoste
684 1426 844 1479 copiam
879 1426 1091 1479 pugnandi
1125 1424 1216 1464 fieri
1250 1449 1303 1454 -—-
1342 1430 1385 1465 et
1418 1424 1502 1473 iam
1534 1423 1599 1464 die

159 1501 306 1541 vesper
348 1492 436 1528 erat
478 1510 544 1534 —,
593 1485 768 1527 advorso
813 1486 935 1533 colle,
982 1485 1102 1527 sicuti
1141 1489 1405 1537 praecept-um
1450 1484 1598 1530 fuerat,

204 1580 238 1615 2.
266 1578 420 1625 itaque:
436 1594 474 1607 τι
498 1582 533 1614 et
560 1577 629 1613 ila.

203 1627 226 1662 3
263 1625 416 1663 milites
441 1626 487 1661 in
512 1637 638 1662 unum
663 1624 848 1661 conducit

157 1686 265 1711 usw.:
297 1674 377 1710 Das
406 1676 504 1709 erste
527 1672 691 1714 Treffen,
723 1672 792 1707 das
807 1674 847 1708 in

158 1722 313 1769 vfflliges
349 1720 658 1757 Dureheinander
694 1723 848 1767 gersten

157 1772 211 1806 ist
227 1771 301 1815 (51,
324 1770 371 1813 1),
390 1768 518 1804 wurde
535 1768 601 1804 auf
619 1768 687 1803 das
705 1768 846 1809 zweite,

156 1829 267 1854 wenn
287 1816 394 1853 nieht
414 1816 521 1852 beide
542 1815 607 1852 auf
628 1816 696 1851 das
717 1815 846 1857 dritte,

158 1865 538 1911 zuriickgenommem
575 1863 636 1900 die
671 1864 848 1906 Reiterci,

158 1925 236 1950 von
252 1913 320 1948 der
336 1924 402 1959 gar
418 1912 527 1948 nicht
543 1911 649 1947 mehr
665 1911 726 1946 die
745 1910 848 1947 Rcde

156 1963 222 2003 ist,
254 1960 402 1997 scheint
431 1959 497 1996 auf
528 1959 663 1995 beiden
693 1959 850 2006 Fliigeln

161 2009 392 2056 gesehlagen.
449 2007 537 2044 Vicr
576 2007 742 2052 Manipel
783 2007 848 2042 ha-

161 2055 280 2097 stati,
333 2055 441 2091 dicht
489 2054 848 2101 nebeneinandcrge-

128 2121 130 2123 >
161 2104 272 2146 reim,
287 2103 412 2139 hinter
422 2104 539 2138 ihnen
552 2102 851 2149 aufgeschlossen

162 2153 244 2188 vier
262 2151 427 2197 Manipel
446 2151 512 2186 der
531 2151 752 2196 principes,
774 2149 852 2185 und

163 2211 210 2236 zu
253 2199 419 2234 hinterst
460 2199 540 2234 vier
582 2197 648 2233 der
692 2197 853 2234 triariis

162 2246 332 2283 bildeten
357 2247 397 2281 in
424 2245 564 2281 diesem
591 2245 747 2281 zweiten
775 2245 854 2280 Akt

165 2294 232 2332 der
257 2293 446 2334 Sohlasth
470 2293 607 2329 welche
631 2293 692 2329 die
716 2294 854 2328 Remm-

165 2341 350 2378 zunfiohst
392 2342 471 2377 rein
514 2340 684 2376 defensiv
727 2344 851 2375 unter-

167 2389 308 2426 hielten
341 2390 415 2434 (51,
449 2391 499 2431 5),
534 2389 616 2424 eine
648 2389 853 2434 kompaktc

167 2436 509 2485 Angriffskolonne,
536 2448 601 2472 um
624 2438 677 2472 im
702 2435 852 2482 gegebe-

167 2497 242 2522 nen
277 2484 510 2532 Augenblick
547 2484 621 2519 den
657 2483 855 2524 rettenden

168 2533 332 2570 Vorstoss
381 2531 632 2568 auszufissnen
681 2532 754 2575 (51,
804 2531 853 2574 3).

168 2581 240 2618 Die
271 2580 460 2616 taktisehe
491 2579 751 2626 Verwendung
780 2589 856 2614 von

917 1587 963 1611 zu
997 1575 1195 1612 Kohorten
1229 1575 1449 1610 massierten
1483 1574 1600 1609 Mani-

916 1623 1003 1670 peln
1015 1623 1139 1658 findet
1149 1621 1229 1658 sich
1243 1626 1369 1658 zuerst
1379 1623 1432 1658 im
1446 1623 1478 1657 2.
1494 1622 1600 1668 puni-

915 1671 1030 1706 schen
1062 1671 1180 1716 Krieg
1212 1669 1272 1705 bei
1304 1669 1378 1705 den
1410 1669 1603 1716 Kampfen

915 1720 955 1754 in
987 1719 1161 1765 Spanien.
1205 1717 1400 1754 Nsehdem
1428 1717 1509 1753 sich
1537 1717 1604 1752 der

914 1761 1118 1812 Ubergang
1158 1765 1224 1801 der
1263 1765 1603 1812 Manipulartaktik

917 1826 984 1850 zur
1023 1813 1349 1850 Kohortentaktik
1390 1812 1605 1848 allmz'ihlieh

917 1862 1123 1909 vollzogen,
1146 1862 1198 1896 ist
1220 1861 1323 1896 dann
1345 1861 1443 1897 nach
1465 1860 1606 1896 Marius

918 1911 1020 1946 diese
1047 1910 1108 1945 die
1137 1909 1266 1955 Reg013
1297 1921 1343 1944 zu
1370 1910 1453 1945 Cat.
1483 1910 1541 1949 59,
1570 1909 1603 1943 2.

967 1960 1001 1993 4.
1050 1958 1156 1993 illis:
1201 1956 1306 1992 steht
1351 1957 1434 2000 (wie
1479 1957 1537 1996 52,
1584 1957 1606 1990 ‘2

921 2006 1016 2049 sibi)
1043 2005 1232 2040 unbetont
1256 2004 1354 2039 nach
1380 2015 1502 2050 neque
1528 2003 1606 2039 und

921 2054 1096 2099 bezogen‚
1132 2053 1201 2088 wie
1236 2056 1344 2087 sonst
1376 2053 1417 2087 in
1452 2051 1518 2086 der
1552 2063 1605 2086 or.

920 2101 1009 2142 obl.,
1045 2100 1111 2136 auf
1145 2100 1206 2135 die
1240 2099 1511 2145 Angeredeten,

961 2151 994 2184 5.
1004 2160 1068 2184 ne.
1080 2176 1088 2184 .
1100 2175 1108 2183 .
1118 2147 1293 2194 quidem:
1301 2147 1427 2183 “auch.
1438 2174 1446 2182 .
1457 2174 1464 2182 .
1476 2145 1606 2182 nicht’.

961 2196 1116 2232 dubiis:
1174 2195 1384 2241 Gegensatz
1430 2206 1476 2230 zu
1523 2194 1607 2228 dem

921 2244 1121 2290 folgenden
1159 2243 1312 2287 firmos.
1366 2243 1437 2278 Die
1475 2241 1609 2276 beiden

926 2291 1155 2337 Sat-zglieder
1169 2291 1349 2326 hostibus
1364 2317 1371 2325 .
1390 2318 1398 2326 .
1416 2317 1424 2326 .
1442 2290 1610 2325 retinere

923 2340 1054 2375 stchen
1080 2339 1267 2385 vereinigt
1291 2339 1377 2374 dem
1403 2336 1610 2374 mcbvevzire

925 2388 1013 2423 suis
1039 2386 1260 2434 gegeniiber.

972 2435 1035 2471 5⁸2.
1061 2436 1094 2470 2.
1124 2446 1196 2480 pro
1219 2434 1279 2469 M.
1308 2446 1337 2468 s.
1367 2431 1537 2478 Anhang.

973 2483 1055 2518 die:
1082 2498 1118 2512 =
1148 2481 1250 2519 diei:
1274 2481 1348 2527 vgl.
1374 2491 1420 2515 zu
1448 2481 1503 2520 16,
1529 2481 1561 2515 3.

973 2530 1138 2566 advorso
1188 2528 1303 2565 colle:
1352 2527 1438 2562 ‘den
1488 2526 1613 2572 Hiigel

926 2578 1061 2624 gerade
1095 2576 1237 2617 hinan’,
1274 2575 1345 2611 mit
1379 2574 1464 2610 dem
1501 2573 1611 2610 Verb.
