<?xml version="1.0" encoding="UTF-8"?>
<!DOCTYPE html PUBLIC "-//W3C//DTD XHTML 1.0 Transitional//EN"
    "http://www.w3.org/TR/xhtml1/DTD/xhtml1-transitional.dtd">
<html xmlns="http://www.w3.org/1999/xhtml" xml:lang="en" lang="en">
 <head>
  <title>
</title>
<meta http-equiv="Content-Type" content="text/html;charset=utf-8" />
  <meta name='ocr-system' content='tesseract 3.04.00' />
  <meta name='ocr-capabilities' content='ocr_page ocr_carea ocr_par ocr_line ocrx_word'/>
</head>
<body>
  <div class='ocr_page' id='page_1' title='image "./debelloiugurthin00salluoft_0043.png"; bbox 0 0 1696 2820; ppageno 0'>
   <div class='ocr_carea' id='block_1_1' title="bbox 558 0 1443 41">
    <p class='ocr_par' dir='ltr' id='par_1_1' title="bbox 558 0 1443 41">
     <span class='ocr_line' id='line_1_1' title="bbox 558 0 1443 41; baseline -0.02 -4"><span class='ocrx_word' id='word_1_1' title='bbox 558 0 1223 41; x_wconf 40' lang='lat' dir='ltr'><strong>:ffffww-wzvatae</strong></span> <span class='ocrx_word' id='word_1_2' title='bbox 1259 0 1270 15; x_wconf 51' lang='grc' dir='ltr'><strong>τ,</strong></span> <span class='ocrx_word' id='word_1_3' title='bbox 1292 0 1295 5; x_wconf 90' lang='grc'><strong><em>·</em></strong></span> <span class='ocrx_word' id='word_1_4' title='bbox 1315 0 1325 18; x_wconf 50' lang='grc' dir='ltr'><strong><em>α</em></strong></span> <span class='ocrx_word' id='word_1_5' title='bbox 1356 8 1359 13; x_wconf 65' lang='lat'><strong>,</strong></span> <span class='ocrx_word' id='word_1_6' title='bbox 1433 0 1443 13; x_wconf 60' lang='grc' dir='ltr'><strong>ἰ</strong></span> 
     </span>
    </p>
   </div>
   <div class='ocr_carea' id='block_1_2' title="bbox 387 25 549 53">
    <p class='ocr_par' dir='ltr' id='par_1_2' title="bbox 387 25 549 53">
     <span class='ocr_line' id='line_1_2' title="bbox 387 25 549 53; baseline 0.012 -2"><span class='ocrx_word' id='word_1_7' title='bbox 387 25 468 53; x_wconf 43' lang='lat' dir='ltr'><strong>..aew&#39;ej</strong></span> <span class='ocrx_word' id='word_1_8' title='bbox 479 25 549 44; x_wconf 39' lang='lat' dir='ltr'><strong>*j</strong></span> 
     </span>
    </p>
   </div>
   <div class='ocr_carea' id='block_1_3' title="bbox 378 146 1529 198">
    <p class='ocr_par' dir='ltr' id='par_1_3' title="bbox 378 146 1529 198">
     <span class='ocr_line' id='line_1_3' title="bbox 378 146 1529 198; baseline 0.003 -10"><span class='ocrx_word' id='word_1_9' title='bbox 378 149 449 188; x_wconf 79' lang='lat' dir='ltr'><strong>DE</strong></span> <span class='ocrx_word' id='word_1_10' title='bbox 472 148 641 188; x_wconf 73' lang='lat' dir='ltr'><strong>BELLo</strong></span> <span class='ocrx_word' id='word_1_11' title='bbox 664 146 1006 188; x_wconf 73' lang='lat' dir='ltr'><strong>lvovss&#39;fflmo.</strong></span> <span class='ocrx_word' id='word_1_12' title='bbox 1049 147 1093 191; x_wconf 80' lang='lat' dir='ltr'><strong>C.</strong></span> <span class='ocrx_word' id='word_1_13' title='bbox 1115 150 1172 188; x_wconf 76' lang='lat'><strong>20.</strong></span> <span class='ocrx_word' id='word_1_14' title='bbox 1195 151 1252 191; x_wconf 78' lang='lat'><strong>21.</strong></span> <span class='ocrx_word' id='word_1_15' title='bbox 1476 155 1529 198; x_wconf 85' lang='lat'><strong>31</strong></span> 
     </span>
    </p>
   </div>
   <div class='ocr_carea' id='block_1_4' title="bbox 77 266 1596 1454">
    <p class='ocr_par' dir='ltr' id='par_1_4' title="bbox 77 266 1596 1454">
     <span class='ocr_line' id='line_1_4' title="bbox 91 266 1524 321; baseline 0.003 -14"><span class='ocrx_word' id='word_1_16' title='bbox 91 267 214 308; x_wconf 81' lang='lat' dir='ltr'><strong>iurias</strong></span> <span class='ocrx_word' id='word_1_17' title='bbox 233 282 327 309; x_wconf 84' lang='lat' dir='ltr'><strong>suas</strong></span> <span class='ocrx_word' id='word_1_18' title='bbox 346 281 473 310; x_wconf 84' lang='lat' dir='ltr'><strong>manu</strong></span> <span class='ocrx_word' id='word_1_19' title='bbox 490 266 819 317; x_wconf 53' lang='lat' dir='ltr'><strong>vindicaturums</strong></span> <span class='ocrx_word' id='word_1_20' title='bbox 829 280 1000 321; x_wconf 86' lang='lat' dir='ltr'><strong>eamque</strong></span> <span class='ocrx_word' id='word_1_21' title='bbox 1020 280 1106 308; x_wconf 85' lang='lat' dir='ltr'><strong>rem</strong></span> <span class='ocrx_word' id='word_1_22' title='bbox 1126 266 1221 309; x_wconf 90' lang='lat' dir='ltr'><strong>belli</strong></span> <span class='ocrx_word' id='word_1_23' title='bbox 1241 280 1405 309; x_wconf 87' lang='lat' dir='ltr'><strong>causam</strong></span> <span class='ocrx_word' id='word_1_24' title='bbox 1426 267 1524 311; x_wconf 83' lang='lat' dir='ltr'><strong>fore.</strong></span> 
     </span>
     <span class='ocr_line' id='line_1_5' title="bbox 88 326 1568 381; baseline 0.001 -16"><span class='ocrx_word' id='word_1_25' title='bbox 88 336 133 366; x_wconf 82' lang='lat' dir='ltr'><strong>at</strong></span> <span class='ocrx_word' id='word_1_26' title='bbox 162 326 242 375; x_wconf 87' lang='lat' dir='ltr'><strong>ille,</strong></span> <span class='ocrx_word' id='word_1_27' title='bbox 272 327 382 381; x_wconf 86' lang='lat' dir='ltr'><strong>quod</strong></span> <span class='ocrx_word' id='word_1_28' title='bbox 411 340 542 381; x_wconf 84' lang='lat' dir='ltr'><strong>neque</strong></span> <span class='ocrx_word' id='word_1_29' title='bbox 570 341 614 367; x_wconf 87' lang='lat' dir='ltr'><strong>se</strong></span> <span class='ocrx_word' id='word_1_30' title='bbox 642 340 783 381; x_wconf 83' lang='lat' dir='ltr'><strong>parem</strong></span> <span class='ocrx_word' id='word_1_31' title='bbox 812 327 937 367; x_wconf 87' lang='lat' dir='ltr'><strong>armis</strong></span> <span class='ocrx_word' id='word_1_32' title='bbox 965 326 1245 368; x_wconf 75' lang='lat' dir='ltr'><strong>existumabat</strong></span> <span class='ocrx_word' id='word_1_33' title='bbox 1272 331 1316 368; x_wconf 91' lang='lat' dir='ltr'><strong>et</strong></span> <span class='ocrx_word' id='word_1_34' title='bbox 1344 327 1527 370; x_wconf 86' lang='lat' dir='ltr'><strong>amicitia</strong></span> <span class='ocrx_word' id='word_1_35' title='bbox 1551 340 1568 366; x_wconf 80' lang='lat' dir='ltr'><strong>s</strong></span> 
     </span>
     <span class='ocr_line' id='line_1_6' title="bbox 89 385 1526 441; baseline 0.002 -15"><span class='ocrx_word' id='word_1_36' title='bbox 89 387 229 439; x_wconf 89' lang='lat' dir='ltr'><strong>populi</strong></span> <span class='ocrx_word' id='word_1_37' title='bbox 259 387 435 428; x_wconf 84' lang='lat' dir='ltr'><strong>Romani</strong></span> <span class='ocrx_word' id='word_1_38' title='bbox 464 387 593 439; x_wconf 88' lang='lat' dir='ltr'><strong>magis</strong></span> <span class='ocrx_word' id='word_1_39' title='bbox 622 400 747 440; x_wconf 82' lang='lat' dir='ltr'><strong>quam</strong></span> <span class='ocrx_word' id='word_1_40' title='bbox 776 385 967 427; x_wconf 83' lang='lat' dir='ltr'><strong>Numidis</strong></span> <span class='ocrx_word' id='word_1_41' title='bbox 995 386 1126 428; x_wconf 80' lang='lat' dir='ltr'><strong>fretus</strong></span> <span class='ocrx_word' id='word_1_42' title='bbox 1154 391 1256 435; x_wconf 81' lang='lat' dir='ltr'><strong>erat,</strong></span> <span class='ocrx_word' id='word_1_43' title='bbox 1286 386 1442 441; x_wconf 86' lang='lat' dir='ltr'><strong>legatos</strong></span> <span class='ocrx_word' id='word_1_44' title='bbox 1471 389 1526 429; x_wconf 88' lang='lat' dir='ltr'><strong>ad</strong></span> 
     </span>
     <span class='ocr_line' id='line_1_7' title="bbox 91 445 1526 500; baseline 0.001 -14"><span class='ocrx_word' id='word_1_45' title='bbox 91 445 329 499; x_wconf 85' lang='lat' dir='ltr'><strong>Iugurtham</strong></span> <span class='ocrx_word' id='word_1_46' title='bbox 348 446 398 487; x_wconf 88' lang='lat' dir='ltr'><strong>de</strong></span> <span class='ocrx_word' id='word_1_47' title='bbox 417 446 578 487; x_wconf 89' lang='lat' dir='ltr'><strong>iniuriis</strong></span> <span class='ocrx_word' id='word_1_48' title='bbox 598 451 789 499; x_wconf 88' lang='lat' dir='ltr'><strong>questum</strong></span> <span class='ocrx_word' id='word_1_49' title='bbox 807 446 936 486; x_wconf 86' lang='lat' dir='ltr'><strong>misit:</strong></span> <span class='ocrx_word' id='word_1_50' title='bbox 958 446 1028 500; x_wconf 90' lang='lat' dir='ltr'><strong>qui</strong></span> <span class='ocrx_word' id='word_1_51' title='bbox 1048 446 1214 487; x_wconf 85' lang='lat' dir='ltr'><strong>tametsi</strong></span> <span class='ocrx_word' id='word_1_52' title='bbox 1233 446 1526 489; x_wconf 86' lang='lat' dir='ltr'><strong>contumeliosa</strong></span> 
     </span>
     <span class='ocr_line' id='line_1_8' title="bbox 88 504 1525 560; baseline 0.003 -16"><span class='ocrx_word' id='word_1_53' title='bbox 88 505 199 546; x_wconf 84' lang='lat' dir='ltr'><strong>dieta</strong></span> <span class='ocrx_word' id='word_1_54' title='bbox 215 505 470 557; x_wconf 86' lang='lat' dir='ltr'><strong>rettulerant,</strong></span> <span class='ocrx_word' id='word_1_55' title='bbox 488 506 601 559; x_wconf 90' lang='lat' dir='ltr'><strong>prius</strong></span> <span class='ocrx_word' id='word_1_56' title='bbox 618 511 758 546; x_wconf 87' lang='lat' dir='ltr'><strong>tamen</strong></span> <span class='ocrx_word' id='word_1_57' title='bbox 773 506 913 547; x_wconf 89' lang='lat' dir='ltr'><strong>omnia</strong></span> <span class='ocrx_word' id='word_1_58' title='bbox 927 506 1017 558; x_wconf 82' lang='lat' dir='ltr'><strong>pati</strong></span> <span class='ocrx_word' id='word_1_59' title='bbox 1034 504 1217 547; x_wconf 84' lang='lat' dir='ltr'><strong>decrevit</strong></span> <span class='ocrx_word' id='word_1_60' title='bbox 1233 519 1358 560; x_wconf 88' lang='lat' dir='ltr'><strong>quam</strong></span> <span class='ocrx_word' id='word_1_61' title='bbox 1373 506 1525 548; x_wconf 89' lang='lat' dir='ltr'><strong>bellum</strong></span> 
     </span>
     <span class='ocr_line' id='line_1_9' title="bbox 90 565 1569 620; baseline 0.001 -16"><span class='ocrx_word' id='word_1_62' title='bbox 90 577 259 612; x_wconf 83' lang='lat' dir='ltr'><strong>sumere,</strong></span> <span class='ocrx_word' id='word_1_63' title='bbox 282 565 378 618; x_wconf 87' lang='lat' dir='ltr'><strong>quia</strong></span> <span class='ocrx_word' id='word_1_64' title='bbox 399 570 649 618; x_wconf 82' lang='lat' dir='ltr'><strong>temptatum</strong></span> <span class='ocrx_word' id='word_1_65' title='bbox 670 571 793 606; x_wconf 88' lang='lat' dir='ltr'><strong>antea</strong></span> <span class='ocrx_word' id='word_1_66' title='bbox 814 579 928 606; x_wconf 88' lang='lat' dir='ltr'><strong>secus</strong></span> <span class='ocrx_word' id='word_1_67' title='bbox 949 570 1136 607; x_wconf 76' lang='lat' dir='ltr'><strong>cesserat.</strong></span> <span class='ocrx_word' id='word_1_68' title='bbox 1174 579 1306 619; x_wconf 89' lang='lat' dir='ltr'><strong>neque</strong></span> <span class='ocrx_word' id='word_1_69' title='bbox 1327 580 1374 608; x_wconf 89' lang='lat' dir='ltr'><strong>eo</strong></span> <span class='ocrx_word' id='word_1_70' title='bbox 1395 568 1524 620; x_wconf 86' lang='lat' dir='ltr'><strong>magis</strong></span> <span class='ocrx_word' id='word_1_71' title='bbox 1550 578 1569 604; x_wconf 72' lang='lat' dir='ltr'><strong>e</strong></span> 
     </span>
     <span class='ocr_line' id='line_1_10' title="bbox 87 623 1525 679; baseline 0.003 -16"><span class='ocrx_word' id='word_1_72' title='bbox 87 623 232 677; x_wconf 86' lang='lat' dir='ltr'><strong>cupido</strong></span> <span class='ocrx_word' id='word_1_73' title='bbox 240 624 461 677; x_wconf 80' lang='lat' dir='ltr'><strong>Iugurthae</strong></span> <span class='ocrx_word' id='word_1_74' title='bbox 467 625 893 678; x_wconf 76' lang='lat' dir='ltr'><strong>minuebatur‚quippe</strong></span> <span class='ocrx_word' id='word_1_75' title='bbox 901 625 971 677; x_wconf 88' lang='lat' dir='ltr'><strong>qui</strong></span> <span class='ocrx_word' id='word_1_76' title='bbox 978 630 1113 665; x_wconf 88' lang='lat' dir='ltr'><strong>totum</strong></span> <span class='ocrx_word' id='word_1_77' title='bbox 1121 626 1206 666; x_wconf 87' lang='lat' dir='ltr'><strong>eius</strong></span> <span class='ocrx_word' id='word_1_78' title='bbox 1212 638 1381 679; x_wconf 87' lang='lat' dir='ltr'><strong>regnum</strong></span> <span class='ocrx_word' id='word_1_79' title='bbox 1389 626 1525 668; x_wconf 84' lang='lat' dir='ltr'><strong>animo</strong></span> 
     </span>
     <span class='ocr_line' id='line_1_11' title="bbox 88 683 1565 738; baseline 0.001 -16"><span class='ocrx_word' id='word_1_80' title='bbox 88 684 168 722; x_wconf 86' lang='lat' dir='ltr'><strong>iam</strong></span> <span class='ocrx_word' id='word_1_81' title='bbox 194 683 413 725; x_wconf 86' lang='lat' dir='ltr'><strong>invaserat.</strong></span> <span class='ocrx_word' id='word_1_82' title='bbox 456 685 595 737; x_wconf 88' lang='lat' dir='ltr'><strong>itaque</strong></span> <span class='ocrx_word' id='word_1_83' title='bbox 624 698 706 725; x_wconf 89' lang='lat' dir='ltr'><strong>non</strong></span> <span class='ocrx_word' id='word_1_84' title='bbox 732 685 796 724; x_wconf 90' lang='lat' dir='ltr'><strong>uti</strong></span> <span class='ocrx_word' id='word_1_85' title='bbox 823 690 946 725; x_wconf 89' lang='lat' dir='ltr'><strong>antea</strong></span> <span class='ocrx_word' id='word_1_86' title='bbox 973 698 1066 725; x_wconf 87' lang='lat' dir='ltr'><strong>cum</strong></span> <span class='ocrx_word' id='word_1_87' title='bbox 1093 684 1355 738; x_wconf 88' lang='lat' dir='ltr'><strong>praedatoria</strong></span> <span class='ocrx_word' id='word_1_88' title='bbox 1382 699 1519 735; x_wconf 84' lang='lat' dir='ltr'><strong>manu,</strong></span> <span class='ocrx_word' id='word_1_89' title='bbox 1547 697 1565 723; x_wconf 79' lang='lat'><strong>7</strong></span> 
     </span>
     <span class='ocr_line' id='line_1_12' title="bbox 85 741 1522 799; baseline 0.003 -17"><span class='ocrx_word' id='word_1_90' title='bbox 85 741 156 782; x_wconf 83' lang='lat' dir='ltr'><strong>sed</strong></span> <span class='ocrx_word' id='word_1_91' title='bbox 181 755 329 796; x_wconf 90' lang='lat' dir='ltr'><strong>magno</strong></span> <span class='ocrx_word' id='word_1_92' title='bbox 353 744 533 784; x_wconf 83' lang='lat' dir='ltr'><strong>exercitu</strong></span> <span class='ocrx_word' id='word_1_93' title='bbox 557 749 795 797; x_wconf 88' lang='lat' dir='ltr'><strong>comparato</strong></span> <span class='ocrx_word' id='word_1_94' title='bbox 819 743 971 785; x_wconf 86' lang='lat' dir='ltr'><strong>bellum</strong></span> <span class='ocrx_word' id='word_1_95' title='bbox 995 758 1130 797; x_wconf 86' lang='lat' dir='ltr'>gerere</span> <span class='ocrx_word' id='word_1_96' title='bbox 1157 745 1291 797; x_wconf 87' lang='lat' dir='ltr'><strong>coepit</strong></span> <span class='ocrx_word' id='word_1_97' title='bbox 1315 750 1358 786; x_wconf 91' lang='lat' dir='ltr'><strong>et</strong></span> <span class='ocrx_word' id='word_1_98' title='bbox 1381 751 1522 799; x_wconf 84' lang='lat' dir='ltr'><strong>aperte</strong></span> 
     </span>
     <span class='ocr_line' id='line_1_13' title="bbox 83 802 1567 857; baseline 0.001 -15"><span class='ocrx_word' id='word_1_99' title='bbox 83 802 211 842; x_wconf 83' lang='lat' dir='ltr'><strong>totius</strong></span> <span class='ocrx_word' id='word_1_100' title='bbox 228 802 445 844; x_wconf 77' lang='lat' dir='ltr'><strong>Numidiae</strong></span> <span class='ocrx_word' id='word_1_101' title='bbox 460 803 677 856; x_wconf 90' lang='lat' dir='ltr'><strong>imperium</strong></span> <span class='ocrx_word' id='word_1_102' title='bbox 692 809 844 856; x_wconf 88' lang='lat' dir='ltr'><strong>petere.</strong></span> <span class='ocrx_word' id='word_1_103' title='bbox 876 808 1070 852; x_wconf 87' lang='lat' dir='ltr'><strong>ceterum,</strong></span> <span class='ocrx_word' id='word_1_104' title='bbox 1089 817 1171 856; x_wconf 85' lang='lat' dir='ltr'><strong>qua</strong></span> <span class='ocrx_word' id='word_1_105' title='bbox 1187 804 1394 857; x_wconf 76' lang='lat' dir='ltr'><strong>pergebat,</strong></span> <span class='ocrx_word' id='word_1_106' title='bbox 1411 804 1524 846; x_wconf 88' lang='lat' dir='ltr'><strong>urbis</strong></span> <span class='ocrx_word' id='word_1_107' title='bbox 1548 816 1567 843; x_wconf 88' lang='lat' dir='ltr'><strong>s</strong></span> 
     </span>
     <span class='ocr_line' id='line_1_14' title="bbox 83 863 1524 916; baseline 0.003 -16"><span class='ocrx_word' id='word_1_108' title='bbox 83 874 199 914; x_wconf 87' lang='lat' dir='ltr'><strong>agros</strong></span> <span class='ocrx_word' id='word_1_109' title='bbox 227 868 403 911; x_wconf 81' lang='lat' dir='ltr'><strong>vastare,</strong></span> <span class='ocrx_word' id='word_1_110' title='bbox 433 863 605 916; x_wconf 84' lang='lat' dir='ltr'><strong>praedas</strong></span> <span class='ocrx_word' id='word_1_111' title='bbox 632 876 762 916; x_wconf 87' lang='lat' dir='ltr'><strong>agere,</strong></span> <span class='ocrx_word' id='word_1_112' title='bbox 791 863 874 903; x_wconf 89' lang='lat' dir='ltr'><strong>suis</strong></span> <span class='ocrx_word' id='word_1_113' title='bbox 901 863 1085 903; x_wconf 89' lang='lat' dir='ltr'><strong>animum</strong></span> <span class='ocrx_word' id='word_1_114' title='bbox 1113 863 1300 904; x_wconf 76' lang='lat' dir='ltr'><strong>hostibus</strong></span> <span class='ocrx_word' id='word_1_115' title='bbox 1327 869 1524 906; x_wconf 90' lang='lat' dir='ltr'><strong>terrorem</strong></span> 
     </span>
     <span class='ocr_line' id='line_1_15' title="bbox 84 921 1596 976; baseline 0.004 -17"><span class='ocrx_word' id='word_1_116' title='bbox 84 933 240 973; x_wconf 89' lang='lat' dir='ltr'><strong>augere.</strong></span> <span class='ocrx_word' id='word_1_117' title='bbox 281 921 487 963; x_wconf 84' lang='lat' dir='ltr'><strong>Adherbal</strong></span> <span class='ocrx_word' id='word_1_118' title='bbox 510 922 580 963; x_wconf 89' lang='lat' dir='ltr'><strong>ubi</strong></span> <span class='ocrx_word' id='word_1_119' title='bbox 603 922 803 975; x_wconf 79' lang='lat' dir='ltr'><strong>intellegit</strong></span> <span class='ocrx_word' id='word_1_120' title='bbox 826 936 874 963; x_wconf 90' lang='lat' dir='ltr'><strong>eo</strong></span> <span class='ocrx_word' id='word_1_121' title='bbox 897 936 1143 975; x_wconf 85' lang='lat' dir='ltr'><strong>processum,</strong></span> <span class='ocrx_word' id='word_1_122' title='bbox 1167 924 1231 963; x_wconf 91' lang='lat' dir='ltr'><strong>uti</strong></span> <span class='ocrx_word' id='word_1_123' title='bbox 1255 937 1426 976; x_wconf 89' lang='lat' dir='ltr'><strong>regnum</strong></span> <span class='ocrx_word' id='word_1_124' title='bbox 1448 929 1524 965; x_wconf 89' lang='lat' dir='ltr'><strong>aut</strong></span> <span class='ocrx_word' id='word_1_125' title='bbox 1546 928 1596 965; x_wconf 80' lang='lat'><strong>21</strong></span> 
     </span>
     <span class='ocr_line' id='line_1_16' title="bbox 83 980 1523 1037; baseline 0.004 -18"><span class='ocrx_word' id='word_1_126' title='bbox 83 980 390 1034; x_wconf 88' lang='lat' dir='ltr'><strong>relinquendum</strong></span> <span class='ocrx_word' id='word_1_127' title='bbox 422 988 527 1023; x_wconf 89' lang='lat' dir='ltr'><strong>esset</strong></span> <span class='ocrx_word' id='word_1_128' title='bbox 560 988 633 1022; x_wconf 85' lang='lat' dir='ltr'><strong>aut</strong></span> <span class='ocrx_word' id='word_1_129' title='bbox 664 982 789 1022; x_wconf 88' lang='lat' dir='ltr'><strong>armis</strong></span> <span class='ocrx_word' id='word_1_130' title='bbox 820 982 1093 1031; x_wconf 88' lang='lat' dir='ltr'><strong>retinendum,</strong></span> <span class='ocrx_word' id='word_1_131' title='bbox 1128 984 1354 1024; x_wconf 87' lang='lat' dir='ltr'><strong>necessario</strong></span> <span class='ocrx_word' id='word_1_132' title='bbox 1386 984 1523 1037; x_wconf 84' lang='lat' dir='ltr'><strong>copias</strong></span> 
     </span>
     <span class='ocr_line' id='line_1_17' title="bbox 83 1041 1565 1096; baseline 0.002 -17"><span class='ocrx_word' id='word_1_133' title='bbox 83 1046 202 1092; x_wconf 85' lang='lat' dir='ltr'><strong>parat</strong></span> <span class='ocrx_word' id='word_1_134' title='bbox 220 1046 263 1081; x_wconf 89' lang='lat' dir='ltr'><strong>et</strong></span> <span class='ocrx_word' id='word_1_135' title='bbox 283 1041 503 1094; x_wconf 78' lang='lat' dir='ltr'><strong>Iugurthae</strong></span> <span class='ocrx_word' id='word_1_136' title='bbox 523 1041 669 1082; x_wconf 86' lang='lat' dir='ltr'><strong>obvius</strong></span> <span class='ocrx_word' id='word_1_137' title='bbox 688 1042 885 1094; x_wconf 86' lang='lat' dir='ltr'><strong>procedit.</strong></span> <span class='ocrx_word' id='word_1_138' title='bbox 920 1042 1086 1083; x_wconf 83' lang='lat' dir='ltr'><strong>interim</strong></span> <span class='ocrx_word' id='word_1_139' title='bbox 1107 1042 1217 1082; x_wconf 89' lang='lat' dir='ltr'><strong>haud</strong></span> <span class='ocrx_word' id='word_1_140' title='bbox 1235 1042 1353 1096; x_wconf 88' lang='lat' dir='ltr'><strong>longe</strong></span> <span class='ocrx_word' id='word_1_141' title='bbox 1373 1056 1398 1083; x_wconf 91' lang='lat' dir='ltr'><strong>a</strong></span> <span class='ocrx_word' id='word_1_142' title='bbox 1417 1045 1521 1084; x_wconf 90' lang='lat' dir='ltr'><strong>mari</strong></span> <span class='ocrx_word' id='word_1_143' title='bbox 1546 1055 1565 1082; x_wconf 79' lang='lat' dir='ltr'><strong>s</strong></span> 
     </span>
     <span class='ocr_line' id='line_1_18' title="bbox 82 1101 1521 1156; baseline 0.004 -18"><span class='ocrx_word' id='word_1_144' title='bbox 82 1111 206 1152; x_wconf 89' lang='lat' dir='ltr'><strong>prope</strong></span> <span class='ocrx_word' id='word_1_145' title='bbox 234 1101 388 1141; x_wconf 82' lang='lat' dir='ltr'><strong>Cirtam</strong></span> <span class='ocrx_word' id='word_1_146' title='bbox 415 1101 612 1154; x_wconf 82' lang='lat' dir='ltr'><strong>oppidum</strong></span> <span class='ocrx_word' id='word_1_147' title='bbox 639 1101 853 1153; x_wconf 86' lang='lat' dir='ltr'><strong>utriusque</strong></span> <span class='ocrx_word' id='word_1_148' title='bbox 882 1102 1082 1142; x_wconf 86' lang='lat' dir='ltr'><strong>exercitus</strong></span> <span class='ocrx_word' id='word_1_149' title='bbox 1109 1101 1309 1151; x_wconf 83' lang='lat' dir='ltr'><strong>consedit,</strong></span> <span class='ocrx_word' id='word_1_150' title='bbox 1339 1108 1394 1152; x_wconf 89' lang='lat' dir='ltr'><strong>et,</strong></span> <span class='ocrx_word' id='word_1_151' title='bbox 1425 1104 1521 1156; x_wconf 86' lang='lat' dir='ltr'><strong>quia</strong></span> 
     </span>
     <span class='ocr_line' id='line_1_19' title="bbox 78 1158 1522 1216; baseline 0.003 -18"><span class='ocrx_word' id='word_1_152' title='bbox 78 1158 159 1199; x_wconf 88' lang='lat' dir='ltr'><strong>diei</strong></span> <span class='ocrx_word' id='word_1_153' title='bbox 176 1166 405 1200; x_wconf 86' lang='lat' dir='ltr'><strong>extremum</strong></span> <span class='ocrx_word' id='word_1_154' title='bbox 421 1166 522 1208; x_wconf 82' lang='lat' dir='ltr'><strong>erat,</strong></span> <span class='ocrx_word' id='word_1_155' title='bbox 541 1160 740 1214; x_wconf 89' lang='lat' dir='ltr'><strong>proelium</strong></span> <span class='ocrx_word' id='word_1_156' title='bbox 758 1174 841 1201; x_wconf 90' lang='lat' dir='ltr'><strong>non</strong></span> <span class='ocrx_word' id='word_1_157' title='bbox 856 1161 1085 1214; x_wconf 86' lang='lat' dir='ltr'><strong>inceptum:</strong></span> <span class='ocrx_word' id='word_1_158' title='bbox 1108 1161 1179 1202; x_wconf 88' lang='lat' dir='ltr'><strong>sed</strong></span> <span class='ocrx_word' id='word_1_159' title='bbox 1196 1161 1266 1202; x_wconf 92' lang='lat' dir='ltr'><strong>ubi</strong></span> <span class='ocrx_word' id='word_1_160' title='bbox 1284 1161 1522 1216; x_wconf 88' lang='lat' dir='ltr'><strong>plerumque</strong></span> 
     </span>
     <span class='ocr_line' id='line_1_20' title="bbox 79 1218 1523 1275; baseline 0.003 -17"><span class='ocrx_word' id='word_1_161' title='bbox 79 1218 210 1259; x_wconf 85' lang='lat' dir='ltr'><strong>noctis</strong></span> <span class='ocrx_word' id='word_1_162' title='bbox 235 1221 442 1272; x_wconf 86' lang='lat' dir='ltr'><strong>processit,</strong></span> <span class='ocrx_word' id='word_1_163' title='bbox 469 1220 640 1261; x_wconf 88' lang='lat' dir='ltr'><strong>obscuro</strong></span> <span class='ocrx_word' id='word_1_164' title='bbox 666 1220 791 1261; x_wconf 86' lang='lat' dir='ltr'><strong>etiam</strong></span> <span class='ocrx_word' id='word_1_165' title='bbox 817 1226 907 1261; x_wconf 88' lang='lat' dir='ltr'><strong>tum</strong></span> <span class='ocrx_word' id='word_1_166' title='bbox 931 1220 1086 1261; x_wconf 87' lang='lat' dir='ltr'><strong>lumine</strong></span> <span class='ocrx_word' id='word_1_167' title='bbox 1111 1221 1263 1262; x_wconf 89' lang='lat' dir='ltr'><strong>milites</strong></span> <span class='ocrx_word' id='word_1_168' title='bbox 1289 1221 1523 1275; x_wconf 85' lang='lat' dir='ltr'><strong>Iugurthini</strong></span> 
     </span>
     <span class='ocr_line' id='line_1_21' title="bbox 77 1277 1521 1334; baseline 0.003 -16"><span class='ocrx_word' id='word_1_169' title='bbox 77 1277 193 1330; x_wconf 86' lang='lat' dir='ltr'><strong>signo</strong></span> <span class='ocrx_word' id='word_1_170' title='bbox 215 1278 314 1319; x_wconf 89' lang='lat' dir='ltr'><strong>dato</strong></span> <span class='ocrx_word' id='word_1_171' title='bbox 336 1285 470 1320; x_wconf 87' lang='lat' dir='ltr'><strong>castra</strong></span> <span class='ocrx_word' id='word_1_172' title='bbox 493 1280 674 1320; x_wconf 89' lang='lat' dir='ltr'><strong>hostium</strong></span> <span class='ocrx_word' id='word_1_173' title='bbox 694 1279 916 1327; x_wconf 88' lang='lat' dir='ltr'><strong>invadunt;</strong></span> <span class='ocrx_word' id='word_1_174' title='bbox 940 1281 1206 1321; x_wconf 88' lang='lat' dir='ltr'><strong>semisomnos</strong></span> <span class='ocrx_word' id='word_1_175' title='bbox 1228 1282 1394 1334; x_wconf 89' lang='lat' dir='ltr'><strong>partim,</strong></span> <span class='ocrx_word' id='word_1_176' title='bbox 1418 1282 1521 1323; x_wconf 90' lang='lat' dir='ltr'><strong>alios</strong></span> 
     </span>
     <span class='ocr_line' id='line_1_22' title="bbox 78 1339 1517 1394; baseline 0.005 -19"><span class='ocrx_word' id='word_1_177' title='bbox 78 1349 192 1376; x_wconf 85' lang='lat' dir='ltr'><strong>arma</strong></span> <span class='ocrx_word' id='word_1_178' title='bbox 213 1340 410 1378; x_wconf 85' lang='lat' dir='ltr'><strong>sumentis</strong></span> <span class='ocrx_word' id='word_1_179' title='bbox 436 1339 582 1392; x_wconf 80' lang='lat' dir='ltr'><strong>fugant</strong></span> <span class='ocrx_word' id='word_1_180' title='bbox 602 1339 880 1391; x_wconf 81' lang='lat' dir='ltr'><strong>funduntque3</strong></span> <span class='ocrx_word' id='word_1_181' title='bbox 902 1339 1110 1380; x_wconf 89' lang='lat' dir='ltr'><strong>Adherbal</strong></span> <span class='ocrx_word' id='word_1_182' title='bbox 1130 1353 1224 1380; x_wconf 87' lang='lat' dir='ltr'><strong>cum</strong></span> <span class='ocrx_word' id='word_1_183' title='bbox 1244 1341 1385 1394; x_wconf 86' lang='lat' dir='ltr'><strong>paucis</strong></span> <span class='ocrx_word' id='word_1_184' title='bbox 1406 1342 1517 1394; x_wconf 85' lang='lat' dir='ltr'><strong>equi-</strong></span> 
     </span>
     <span class='ocr_line' id='line_1_23' title="bbox 78 1395 1519 1454; baseline 0.006 -19"><span class='ocrx_word' id='word_1_185' title='bbox 78 1395 189 1436; x_wconf 89' lang='lat' dir='ltr'><strong>tibus</strong></span> <span class='ocrx_word' id='word_1_186' title='bbox 210 1397 365 1438; x_wconf 86' lang='lat' dir='ltr'><strong>Cirtam</strong></span> <span class='ocrx_word' id='word_1_187' title='bbox 385 1398 578 1451; x_wconf 79' lang='lat' dir='ltr'><strong>profugit,</strong></span> <span class='ocrx_word' id='word_1_188' title='bbox 599 1404 653 1447; x_wconf 88' lang='lat' dir='ltr'><strong>et,</strong></span> <span class='ocrx_word' id='word_1_189' title='bbox 676 1399 718 1438; x_wconf 90' lang='lat' dir='ltr'><strong>ni</strong></span> <span class='ocrx_word' id='word_1_190' title='bbox 740 1398 963 1439; x_wconf 88' lang='lat' dir='ltr'><strong>multitudo</strong></span> <span class='ocrx_word' id='word_1_191' title='bbox 981 1404 1216 1452; x_wconf 84' lang='lat' dir='ltr'><strong>togatorum</strong></span> <span class='ocrx_word' id='word_1_192' title='bbox 1235 1400 1393 1450; x_wconf 78' lang='lat' dir='ltr'><strong>fuisset,</strong></span> <span class='ocrx_word' id='word_1_193' title='bbox 1414 1415 1519 1454; x_wconf 88' lang='lat' dir='ltr'><strong>quae</strong></span> 
     </span>
    </p>
   </div>
   <div class='ocr_carea' id='block_1_5' title="bbox 76 1509 1526 1561">
    <p class='ocr_par' dir='ltr' id='par_1_5' title="bbox 76 1509 1526 1561">
     <span class='ocr_line' id='line_1_24' title="bbox 76 1509 1526 1561; baseline 0.004 -16"><span class='ocrx_word' id='word_1_194' title='bbox 76 1509 242 1546; x_wconf 82' lang='lat' dir='ltr'><strong>absolut:</strong></span> <span class='ocrx_word' id='word_1_195' title='bbox 280 1511 535 1547; x_wconf 78' lang='lat' dir='ltr'><strong>‘sehwenkten</strong></span> <span class='ocrx_word' id='word_1_196' title='bbox 564 1511 643 1555; x_wconf 83' lang='lat' dir='ltr'><strong>ab’;</strong></span> <span class='ocrx_word' id='word_1_197' title='bbox 680 1523 760 1547; x_wconf 80' lang='lat' dir='ltr'><strong>ver-</strong></span> <span class='ocrx_word' id='word_1_198' title='bbox 880 1511 944 1547; x_wconf 83' lang='lat'><strong>21.</strong></span> <span class='ocrx_word' id='word_1_199' title='bbox 985 1513 1020 1548; x_wconf 83' lang='lat'><strong>2.</strong></span> <span class='ocrx_word' id='word_1_200' title='bbox 1063 1513 1236 1549; x_wconf 84' lang='lat' dir='ltr'><strong>Cirtam:</strong></span> <span class='ocrx_word' id='word_1_201' title='bbox 1278 1513 1526 1561; x_wconf 81' lang='lat' dir='ltr'><strong>Hauptstadt</strong></span> 
     </span>
    </p>
   </div>
   <div class='ocr_carea' id='block_1_6' title="bbox 60 1557 758 2694">
    <p class='ocr_par' dir='ltr' id='par_1_6' title="bbox 75 1557 758 1643">
     <span class='ocr_line' id='line_1_25' title="bbox 75 1557 758 1601; baseline 0.006 -10"><span class='ocrx_word' id='word_1_202' title='bbox 75 1557 212 1592; x_wconf 83' lang='lat' dir='ltr'><strong>einzelt</strong></span> <span class='ocrx_word' id='word_1_203' title='bbox 242 1558 338 1593; x_wconf 82' lang='lat' dir='ltr'><strong>auch</strong></span> <span class='ocrx_word' id='word_1_204' title='bbox 373 1559 430 1594; x_wconf 92' lang='lat' dir='ltr'><strong>bei</strong></span> <span class='ocrx_word' id='word_1_205' title='bbox 461 1560 551 1601; x_wconf 63' lang='lat' dir='ltr'><strong>Cio„</strong></span> <span class='ocrx_word' id='word_1_206' title='bbox 585 1560 644 1596; x_wconf 87' lang='lat' dir='ltr'><strong>bei</strong></span> <span class='ocrx_word' id='word_1_207' title='bbox 675 1561 758 1596; x_wconf 67' lang='lat' dir='ltr'><strong>ciis.</strong></span> 
     </span>
     <span class='ocr_line' id='line_1_26' title="bbox 76 1605 507 1643; baseline 0.009 -4"><span class='ocrx_word' id='word_1_208' title='bbox 76 1616 111 1640; x_wconf 92' lang='lat' dir='ltr'><strong>u.</strong></span> <span class='ocrx_word' id='word_1_209' title='bbox 136 1605 216 1640; x_wconf 86' lang='lat' dir='ltr'><strong>Liv.</strong></span> <span class='ocrx_word' id='word_1_210' title='bbox 242 1606 348 1641; x_wconf 86' lang='lat' dir='ltr'><strong>nieht</strong></span> <span class='ocrx_word' id='word_1_211' title='bbox 368 1607 507 1643; x_wconf 81' lang='lat' dir='ltr'><strong>iiblich.</strong></span> 
     </span>
    </p>

    <p class='ocr_par' dir='ltr' id='par_1_7' title="bbox 122 1656 453 1696">
     <span class='ocr_line' id='line_1_27' title="bbox 122 1656 453 1696; baseline 0.012 -9"><span class='ocrx_word' id='word_1_212' title='bbox 122 1664 237 1688; x_wconf 74' lang='lat' dir='ltr'><strong>suas:</strong></span> <span class='ocrx_word' id='word_1_213' title='bbox 262 1665 309 1688; x_wconf 92' lang='lat' dir='ltr'><strong>zu</strong></span> <span class='ocrx_word' id='word_1_214' title='bbox 337 1656 392 1696; x_wconf 81' lang='lat'><strong>14,</strong></span> <span class='ocrx_word' id='word_1_215' title='bbox 418 1656 453 1691; x_wconf 88' lang='lat'><strong>8.</strong></span> 
     </span>
    </p>

    <p class='ocr_par' dir='ltr' id='par_1_8' title="bbox 69 1700 758 1927">
     <span class='ocr_line' id='line_1_28' title="bbox 121 1700 757 1748; baseline 0.005 -13"><span class='ocrx_word' id='word_1_216' title='bbox 121 1702 156 1736; x_wconf 88' lang='lat'><strong>5.</strong></span> <span class='ocrx_word' id='word_1_217' title='bbox 174 1700 276 1746; x_wconf 77' lang='lat' dir='ltr'><strong>quod</strong></span> <span class='ocrx_word' id='word_1_218' title='bbox 290 1713 413 1748; x_wconf 75' lang='lat' dir='ltr'><strong>neque</strong></span> <span class='ocrx_word' id='word_1_219' title='bbox 430 1730 439 1738; x_wconf 91' lang='lat'><strong>.</strong></span> <span class='ocrx_word' id='word_1_220' title='bbox 458 1729 466 1738; x_wconf 94' lang='lat'><strong>.</strong></span> <span class='ocrx_word' id='word_1_221' title='bbox 486 1730 494 1738; x_wconf 96' lang='lat'><strong>.</strong></span> <span class='ocrx_word' id='word_1_222' title='bbox 513 1703 640 1747; x_wconf 78' lang='lat' dir='ltr'><strong>fretus</strong></span> <span class='ocrx_word' id='word_1_223' title='bbox 655 1708 757 1740; x_wconf 80' lang='lat' dir='ltr'><strong>erat.-</strong></span> 
     </span>
     <span class='ocr_line' id='line_1_29' title="bbox 73 1746 758 1796; baseline 0.007 -14"><span class='ocrx_word' id='word_1_224' title='bbox 73 1746 140 1783; x_wconf 83' lang='lat' dir='ltr'><strong>der</strong></span> <span class='ocrx_word' id='word_1_225' title='bbox 172 1747 304 1784; x_wconf 84' lang='lat' dir='ltr'><strong>Grund</strong></span> <span class='ocrx_word' id='word_1_226' title='bbox 334 1751 395 1796; x_wconf 85' lang='lat' dir='ltr'><strong>lag</strong></span> <span class='ocrx_word' id='word_1_227' title='bbox 424 1752 464 1786; x_wconf 91' lang='lat' dir='ltr'><strong>in</strong></span> <span class='ocrx_word' id='word_1_228' title='bbox 494 1750 560 1786; x_wconf 88' lang='lat' dir='ltr'><strong>der</strong></span> <span class='ocrx_word' id='word_1_229' title='bbox 589 1752 663 1787; x_wconf 87' lang='lat' dir='ltr'><strong>Art</strong></span> <span class='ocrx_word' id='word_1_230' title='bbox 691 1752 758 1787; x_wconf 87' lang='lat' dir='ltr'><strong>der</strong></span> 
     </span>
     <span class='ocr_line' id='line_1_30' title="bbox 69 1794 757 1846; baseline 0.009 -17"><span class='ocrx_word' id='word_1_231' title='bbox 69 1794 227 1842; x_wconf 85' lang='lat' dir='ltr'><strong>Teilung</strong></span> <span class='ocrx_word' id='word_1_232' title='bbox 266 1798 340 1841; x_wconf 88' lang='grc'>(16,</span> <span class='ocrx_word' id='word_1_233' title='bbox 380 1801 431 1842; x_wconf 88' lang='grc'><strong>5),</strong></span> <span class='ocrx_word' id='word_1_234' title='bbox 471 1798 551 1834; x_wconf 89' lang='lat' dir='ltr'><strong>und</strong></span> <span class='ocrx_word' id='word_1_235' title='bbox 589 1799 757 1846; x_wconf 86' lang='lat' dir='ltr'><strong>zugleich</strong></span> 
     </span>
     <span class='ocr_line' id='line_1_31' title="bbox 69 1842 756 1888; baseline 0.01 -11"><span class='ocrx_word' id='word_1_236' title='bbox 69 1842 219 1878; x_wconf 82' lang='lat' dir='ltr'><strong>mochte</strong></span> <span class='ocrx_word' id='word_1_237' title='bbox 243 1844 324 1879; x_wconf 83' lang='lat' dir='ltr'><strong>sioh</strong></span> <span class='ocrx_word' id='word_1_238' title='bbox 350 1846 418 1881; x_wconf 79' lang='lat' dir='ltr'><strong>das</strong></span> <span class='ocrx_word' id='word_1_239' title='bbox 447 1847 502 1888; x_wconf 86' lang='grc'><strong>13,</strong></span> <span class='ocrx_word' id='word_1_240' title='bbox 532 1847 549 1880; x_wconf 93' lang='lat' dir='ltr'><strong>l</strong></span> <span class='ocrx_word' id='word_1_241' title='bbox 578 1847 756 1884; x_wconf 73' lang='lat' dir='ltr'><strong>Erzahlte</strong></span> 
     </span>
     <span class='ocr_line' id='line_1_32' title="bbox 70 1889 329 1927; baseline 0.008 -2"><span class='ocrx_word' id='word_1_242' title='bbox 70 1889 329 1927; x_wconf 77' lang='lat' dir='ltr'><strong>wieder-helen.</strong></span> 
     </span>
    </p>

    <p class='ocr_par' dir='ltr' id='par_1_9' title="bbox 116 1938 752 1979">
     <span class='ocr_line' id='line_1_33' title="bbox 116 1938 752 1979; baseline 0.009 -6"><span class='ocrx_word' id='word_1_243' title='bbox 116 1938 271 1974; x_wconf 77' lang='lat' dir='ltr'><strong>omnia:</strong></span> <span class='ocrx_word' id='word_1_244' title='bbox 282 1939 386 1975; x_wconf 81' lang='lat' dir='ltr'><strong>‘alles</strong></span> <span class='ocrx_word' id='word_1_245' title='bbox 397 1951 469 1976; x_wconf 86' lang='lat' dir='ltr'><strong>nur</strong></span> <span class='ocrx_word' id='word_1_246' title='bbox 480 1940 752 1979; x_wconf 84' lang='lat' dir='ltr'><strong>Erdenkliche&#39;.</strong></span> 
     </span>
    </p>

    <p class='ocr_par' dir='ltr' id='par_1_10' title="bbox 69 1985 754 2129">
     <span class='ocr_line' id='line_1_34' title="bbox 116 1985 752 2035; baseline 0.008 -13"><span class='ocrx_word' id='word_1_247' title='bbox 116 1985 261 2022; x_wconf 81' lang='lat' dir='ltr'><strong>bellum</strong></span> <span class='ocrx_word' id='word_1_248' title='bbox 280 1998 449 2023; x_wconf 71' lang='lat' dir='ltr'><strong>mucre:</strong></span> <span class='ocrx_word' id='word_1_249' title='bbox 469 1987 529 2024; x_wconf 86' lang='lat' dir='ltr'><strong>bei</strong></span> <span class='ocrx_word' id='word_1_250' title='bbox 551 1989 639 2025; x_wconf 84' lang='lat' dir='ltr'><strong>Sall.</strong></span> <span class='ocrx_word' id='word_1_251' title='bbox 661 1991 752 2035; x_wconf 87' lang='lat' dir='ltr'><strong>(und</strong></span> 
     </span>
     <span class='ocr_line' id='line_1_35' title="bbox 69 2032 754 2083; baseline 0.012 -16"><span class='ocrx_word' id='word_1_252' title='bbox 69 2032 168 2077; x_wconf 82' lang='lat' dir='ltr'><strong>Liv.)</strong></span> <span class='ocrx_word' id='word_1_253' title='bbox 203 2033 354 2081; x_wconf 70' lang='lat' dir='ltr'><strong>hsufige</strong></span> <span class='ocrx_word' id='word_1_254' title='bbox 388 2034 648 2083; x_wconf 83' lang='lat' dir='ltr'><strong>Verbindung;</strong></span> <span class='ocrx_word' id='word_1_255' title='bbox 685 2038 754 2075; x_wconf 83' lang='lat' dir='ltr'><strong>das</strong></span> 
     </span>
     <span class='ocr_line' id='line_1_36' title="bbox 70 2080 582 2129; baseline 0.008 -13"><span class='ocrx_word' id='word_1_256' title='bbox 70 2080 263 2127; x_wconf 72' lang='lat' dir='ltr'><strong>Gegenoeil</strong></span> <span class='ocrx_word' id='word_1_257' title='bbox 287 2083 340 2118; x_wconf 87' lang='lat' dir='ltr'><strong>ist</strong></span> <span class='ocrx_word' id='word_1_258' title='bbox 364 2083 398 2119; x_wconf 91' lang='lat' dir='ltr'><strong>b.</strong></span> <span class='ocrx_word' id='word_1_259' title='bbox 424 2095 582 2129; x_wconf 81' lang='lat' dir='ltr'><strong>ponere.</strong></span> 
     </span>
    </p>

    <p class='ocr_par' dir='ltr' id='par_1_11' title="bbox 114 2132 750 2212">
     <span class='ocr_line' id='line_1_37' title="bbox 114 2132 750 2212; baseline 0.008 -48"><span class='ocrx_word' id='word_1_260' title='bbox 114 2133 345 2212; x_wconf 61' lang='lat' dir='ltr'><strong>legiptatum</strong></span> <span class='ocrx_word' id='word_1_261' title='bbox 371 2137 509 2168; x_wconf 75' lang='lat' dir='ltr'><strong>antea:</strong></span> <span class='ocrx_word' id='word_1_262' title='bbox 536 2142 604 2168; x_wconf 83' lang='lat' dir='ltr'><strong>zur</strong></span> <span class='ocrx_word' id='word_1_263' title='bbox 632 2132 750 2170; x_wconf 72' lang='lat' dir='ltr'><strong>sache</strong></span> 
     </span>
    </p>

    <p class='ocr_par' dir='ltr' id='par_1_12' title="bbox 63 2227 752 2356">
     <span class='ocr_line' id='line_1_38' title="bbox 112 2227 752 2273; baseline 0.008 -14"><span class='ocrx_word' id='word_1_264' title='bbox 112 2235 224 2260; x_wconf 69' lang='lat' dir='ltr'><strong>secus</strong></span> <span class='ocrx_word' id='word_1_265' title='bbox 237 2231 423 2262; x_wconf 76' lang='lat' dir='ltr'><strong>cesserat:</strong></span> <span class='ocrx_word' id='word_1_266' title='bbox 436 2227 752 2273; x_wconf 84' lang='lat' dir='ltr'><strong>euphemistisohe</strong></span> 
     </span>
     <span class='ocr_line' id='line_1_39' title="bbox 63 2270 752 2322; baseline 0.01 -16"><span class='ocrx_word' id='word_1_267' title='bbox 63 2270 274 2319; x_wconf 84' lang='lat' dir='ltr'><strong>Wendung,</strong></span> <span class='ocrx_word' id='word_1_268' title='bbox 297 2275 367 2309; x_wconf 80' lang='lat' dir='ltr'><strong>wie</strong></span> <span class='ocrx_word' id='word_1_269' title='bbox 391 2275 447 2316; x_wconf 84' lang='grc'><strong>10,</strong></span> <span class='ocrx_word' id='word_1_270' title='bbox 470 2277 490 2311; x_wconf 86' lang='grc'><strong>7</strong></span> <span class='ocrx_word' id='word_1_271' title='bbox 514 2276 635 2311; x_wconf 69' lang='lat' dir='ltr'><strong>aliter</strong></span> <span class='ocrx_word' id='word_1_272' title='bbox 655 2277 752 2322; x_wconf 81' lang='lat' dir='ltr'><strong>quid</strong></span> 
     </span>
     <span class='ocr_line' id='line_1_40' title="bbox 65 2321 205 2356; baseline 0.014 -2"><span class='ocrx_word' id='word_1_273' title='bbox 65 2321 205 2356; x_wconf 72' lang='lat' dir='ltr'><strong>evenit.</strong></span> 
     </span>
    </p>

    <p class='ocr_par' dir='ltr' id='par_1_13' title="bbox 62 2369 749 2549">
     <span class='ocr_line' id='line_1_41' title="bbox 109 2369 749 2415; baseline 0.006 -12"><span class='ocrx_word' id='word_1_274' title='bbox 109 2369 142 2403; x_wconf 76' lang='lat'><strong>6.</strong></span> <span class='ocrx_word' id='word_1_275' title='bbox 171 2380 313 2414; x_wconf 78' lang='lat' dir='ltr'><strong>neque.-</strong></span> <span class='ocrx_word' id='word_1_276' title='bbox 340 2370 614 2415; x_wconf 75' lang='lat' dir='ltr'><strong>gegensiitzlioh</strong></span> <span class='ocrx_word' id='word_1_277' title='bbox 638 2370 749 2407; x_wconf 81' lang='lat' dir='ltr'><strong>‘doeh</strong></span> 
     </span>
     <span class='ocr_line' id='line_1_42' title="bbox 63 2414 746 2464; baseline 0.007 -14"><span class='ocrx_word' id='word_1_278' title='bbox 63 2414 195 2457; x_wconf 77' lang='lat' dir='ltr'><strong>nicht’,</strong></span> <span class='ocrx_word' id='word_1_279' title='bbox 223 2417 296 2451; x_wconf 88' lang='lat' dir='ltr'><strong>mit</strong></span> <span class='ocrx_word' id='word_1_280' title='bbox 321 2428 364 2453; x_wconf 86' lang='lat' dir='ltr'><strong>eo</strong></span> <span class='ocrx_word' id='word_1_281' title='bbox 389 2418 519 2464; x_wconf 73' lang='lat' dir='ltr'><strong>maqis</strong></span> <span class='ocrx_word' id='word_1_282' title='bbox 546 2420 608 2463; x_wconf 83' lang='lat' dir='ltr'><strong>(zu</strong></span> <span class='ocrx_word' id='word_1_283' title='bbox 634 2419 668 2460; x_wconf 87' lang='lat'><strong>3,</strong></span> <span class='ocrx_word' id='word_1_284' title='bbox 695 2420 746 2463; x_wconf 87' lang='grc'><strong>2),</strong></span> 
     </span>
     <span class='ocr_line' id='line_1_43' title="bbox 62 2460 747 2512; baseline 0.007 -15"><span class='ocrx_word' id='word_1_285' title='bbox 62 2460 187 2498; x_wconf 78' lang='lat' dir='ltr'><strong>besaer</strong></span> <span class='ocrx_word' id='word_1_286' title='bbox 210 2465 283 2499; x_wconf 88' lang='lat' dir='ltr'><strong>mit</strong></span> <span class='ocrx_word' id='word_1_287' title='bbox 306 2463 610 2512; x_wconf 70' lang='lat' dir='ltr'><strong>Umtauschungz</strong></span> <span class='ocrx_word' id='word_1_288' title='bbox 637 2466 747 2502; x_wconf 85' lang='lat' dir='ltr'><strong>‘doch</strong></span> 
     </span>
     <span class='ocr_line' id='line_1_44' title="bbox 62 2511 439 2549; baseline 0.013 -5"><span class='ocrx_word' id='word_1_289' title='bbox 62 2519 134 2544; x_wconf 77' lang='lat' dir='ltr'><strong>nur</strong></span> <span class='ocrx_word' id='word_1_290' title='bbox 152 2521 219 2546; x_wconf 82' lang='lat' dir='ltr'><strong>um</strong></span> <span class='ocrx_word' id='word_1_291' title='bbox 242 2523 284 2547; x_wconf 91' lang='lat' dir='ltr'><strong>so</strong></span> <span class='ocrx_word' id='word_1_292' title='bbox 307 2511 439 2549; x_wconf 85' lang='lat' dir='ltr'><strong>mehr’.</strong></span> 
     </span>
    </p>

    <p class='ocr_par' dir='ltr' id='par_1_14' title="bbox 60 2558 748 2694">
     <span class='ocr_line' id='line_1_45' title="bbox 110 2558 748 2605; baseline 0.006 -12"><span class='ocrx_word' id='word_1_293' title='bbox 110 2558 274 2603; x_wconf 68' lang='lat' dir='ltr'><strong>cuspide.-</strong></span> <span class='ocrx_word' id='word_1_294' title='bbox 317 2564 417 2605; x_wconf 86' lang='lat' dir='ltr'><strong>poet.</strong></span> <span class='ocrx_word' id='word_1_295' title='bbox 461 2560 583 2602; x_wconf 88' lang='lat' dir='ltr'><strong>Wort,</strong></span> <span class='ocrx_word' id='word_1_296' title='bbox 627 2560 748 2597; x_wconf 73' lang='lat' dir='ltr'><strong>wofiir</strong></span> 
     </span>
     <span class='ocr_line' id='line_1_46' title="bbox 61 2601 746 2654; baseline 0.01 -16"><span class='ocrx_word' id='word_1_297' title='bbox 61 2601 137 2639; x_wconf 75' lang='lat' dir='ltr'><strong>cie.</strong></span> <span class='ocrx_word' id='word_1_298' title='bbox 179 2606 258 2641; x_wconf 84' lang='lat' dir='ltr'><strong>und</strong></span> <span class='ocrx_word' id='word_1_299' title='bbox 297 2607 381 2644; x_wconf 61' lang='lat' dir='ltr'><strong>css.</strong></span> <span class='ocrx_word' id='word_1_300' title='bbox 426 2619 498 2643; x_wconf 89' lang='lat' dir='ltr'><strong>nur</strong></span> <span class='ocrx_word' id='word_1_301' title='bbox 539 2608 746 2654; x_wconf 71' lang='lat' dir='ltr'><strong>cupiditas</strong></span> 
     </span>
     <span class='ocr_line' id='line_1_47' title="bbox 60 2650 307 2694; baseline 0.024 -11"><span class='ocrx_word' id='word_1_302' title='bbox 60 2650 307 2694; x_wconf 65' lang='lat' dir='ltr'><strong>gebrauehen.</strong></span> 
     </span>
    </p>
   </div>
   <div class='ocr_carea' id='block_1_7' title="bbox 815 1558 1523 2705">
    <p class='ocr_par' dir='ltr' id='par_1_15' title="bbox 824 1558 1523 1988">
     <span class='ocr_line' id='line_1_48' title="bbox 831 1558 1522 1608; baseline 0.009 -15"><span class='ocrx_word' id='word_1_303' title='bbox 831 1570 908 1595; x_wconf 83' lang='lat' dir='ltr'><strong>von</strong></span> <span class='ocrx_word' id='word_1_304' title='bbox 932 1558 1138 1596; x_wconf 83' lang='lat' dir='ltr'><strong>Numidien</strong></span> <span class='ocrx_word' id='word_1_305' title='bbox 1161 1562 1236 1596; x_wconf 85' lang='lat' dir='ltr'><strong>seit</strong></span> <span class='ocrx_word' id='word_1_306' title='bbox 1261 1561 1418 1608; x_wconf 82' lang='lat' dir='ltr'><strong>Syphax</strong></span> <span class='ocrx_word' id='word_1_307' title='bbox 1441 1563 1522 1598; x_wconf 90' lang='lat' dir='ltr'><strong>und</strong></span> 
     </span>
     <span class='ocr_line' id='line_1_49' title="bbox 829 1607 1523 1656; baseline 0.007 -14"><span class='ocrx_word' id='word_1_308' title='bbox 829 1607 1041 1650; x_wconf 82' lang='lat' dir='ltr'><strong>Masinissa,</strong></span> <span class='ocrx_word' id='word_1_309' title='bbox 1087 1619 1164 1644; x_wconf 85' lang='lat' dir='ltr'><strong>von</strong></span> <span class='ocrx_word' id='word_1_310' title='bbox 1208 1609 1366 1656; x_wconf 83' lang='lat' dir='ltr'><strong>Micipsa</strong></span> <span class='ocrx_word' id='word_1_311' title='bbox 1409 1614 1523 1647; x_wconf 87' lang='lat' dir='ltr'><strong>unter</strong></span> 
     </span>
     <span class='ocr_line' id='line_1_50' title="bbox 828 1655 1519 1703; baseline 0.009 -14"><span class='ocrx_word' id='word_1_312' title='bbox 828 1655 1044 1701; x_wconf 86' lang='lat' dir='ltr'><strong>Zuziehung</strong></span> <span class='ocrx_word' id='word_1_313' title='bbox 1099 1657 1349 1703; x_wconf 83' lang='lat' dir='ltr'><strong>griechischer</strong></span> <span class='ocrx_word' id='word_1_314' title='bbox 1403 1658 1519 1695; x_wconf 90' lang='lat' dir='ltr'><strong>Kolo-</strong></span> 
     </span>
     <span class='ocr_line' id='line_1_51' title="bbox 827 1704 1521 1752; baseline 0.007 -14"><span class='ocrx_word' id='word_1_315' title='bbox 827 1704 952 1738; x_wconf 74' lang='lat' dir='ltr'><strong>nisten</strong></span> <span class='ocrx_word' id='word_1_316' title='bbox 977 1714 1050 1739; x_wconf 87' lang='lat' dir='ltr'><strong>neu</strong></span> <span class='ocrx_word' id='word_1_317' title='bbox 1075 1705 1297 1751; x_wconf 75' lang='lat' dir='ltr'><strong>gegrfindet,</strong></span> <span class='ocrx_word' id='word_1_318' title='bbox 1322 1706 1521 1752; x_wconf 66' lang='lat' dir='ltr'><strong>spaterhin</strong></span> 
     </span>
     <span class='ocr_line' id='line_1_52' title="bbox 826 1751 1518 1791; baseline 0.009 -6"><span class='ocrx_word' id='word_1_319' title='bbox 826 1761 902 1786; x_wconf 84' lang='lat' dir='ltr'><strong>von</strong></span> <span class='ocrx_word' id='word_1_320' title='bbox 926 1751 1165 1788; x_wconf 80' lang='lat' dir='ltr'><strong>Konstantia</strong></span> <span class='ocrx_word' id='word_1_321' title='bbox 1195 1752 1233 1789; x_wconf 84' lang='lat' dir='ltr'><strong>d.</strong></span> <span class='ocrx_word' id='word_1_322' title='bbox 1269 1753 1333 1788; x_wconf 85' lang='lat' dir='ltr'><strong>Gr.</strong></span> <span class='ocrx_word' id='word_1_323' title='bbox 1366 1754 1518 1791; x_wconf 79' lang='lat' dir='ltr'><strong>wieder·</strong></span> 
     </span>
     <span class='ocr_line' id='line_1_53' title="bbox 825 1797 1521 1847; baseline 0.009 -14"><span class='ocrx_word' id='word_1_324' title='bbox 825 1797 1054 1845; x_wconf 80' lang='lat' dir='ltr'><strong>hergestellt,</strong></span> <span class='ocrx_word' id='word_1_325' title='bbox 1105 1800 1223 1836; x_wconf 87' lang='lat' dir='ltr'><strong>daher</strong></span> <span class='ocrx_word' id='word_1_326' title='bbox 1272 1801 1371 1837; x_wconf 85' lang='lat' dir='ltr'><strong>noch</strong></span> <span class='ocrx_word' id='word_1_327' title='bbox 1420 1802 1521 1847; x_wconf 75' lang='lat' dir='ltr'><strong>jetzt</strong></span> 
     </span>
     <span class='ocr_line' id='line_1_54' title="bbox 824 1846 1519 1896; baseline 0.007 -15"><span class='ocrx_word' id='word_1_328' title='bbox 824 1846 1090 1888; x_wconf 75' lang='lat' dir='ltr'><strong>Constantine:</strong></span> <span class='ocrx_word' id='word_1_329' title='bbox 1112 1850 1135 1884; x_wconf 88' lang='grc'>9</span> <span class='ocrx_word' id='word_1_330' title='bbox 1157 1848 1358 1896; x_wconf 83' lang='lat' dir='ltr'><strong>geograph.</strong></span> <span class='ocrx_word' id='word_1_331' title='bbox 1381 1849 1519 1886; x_wconf 82' lang='lat' dir='ltr'><strong>Meilen</strong></span> 
     </span>
     <span class='ocr_line' id='line_1_55' title="bbox 826 1895 1519 1943; baseline 0.007 -14"><span class='ocrx_word' id='word_1_332' title='bbox 826 1905 914 1930; x_wconf 85' lang='lat' dir='ltr'><strong>vom</strong></span> <span class='ocrx_word' id='word_1_333' title='bbox 943 1895 1160 1931; x_wconf 78' lang='lat' dir='ltr'><strong>Meerhafen</strong></span> <span class='ocrx_word' id='word_1_334' title='bbox 1189 1896 1391 1939; x_wconf 78' lang='lat' dir='ltr'><strong>Rusicade,</strong></span> <span class='ocrx_word' id='word_1_335' title='bbox 1419 1898 1519 1943; x_wconf 81' lang='lat' dir='ltr'><strong>ietzt</strong></span> 
     </span>
     <span class='ocr_line' id='line_1_56' title="bbox 825 1941 1311 1988; baseline 0.008 -12"><span class='ocrx_word' id='word_1_336' title='bbox 825 1941 1100 1988; x_wconf 83' lang='lat' dir='ltr'><strong>Philippeville,</strong></span> <span class='ocrx_word' id='word_1_337' title='bbox 1129 1943 1311 1980; x_wconf 69' lang='lat' dir='ltr'><strong>entier-nt.</strong></span> 
     </span>
    </p>

    <p class='ocr_par' dir='ltr' id='par_1_16' title="bbox 817 1989 1513 2278">
     <span class='ocr_line' id='line_1_57' title="bbox 872 1989 1513 2030; baseline 0.008 -6"><span class='ocrx_word' id='word_1_338' title='bbox 872 1989 957 2026; x_wconf 80' lang='lat' dir='ltr'><strong>dici</strong></span> <span class='ocrx_word' id='word_1_339' title='bbox 1010 1996 1245 2028; x_wconf 76' lang='lat' dir='ltr'><strong>eoetremum:</strong></span> <span class='ocrx_word' id='word_1_340' title='bbox 1297 1991 1365 2027; x_wconf 80' lang='lat' dir='ltr'><strong>der</strong></span> <span class='ocrx_word' id='word_1_341' title='bbox 1418 1992 1513 2030; x_wconf 84' lang='lat' dir='ltr'><strong>Gen.</strong></span> 
     </span>
     <span class='ocr_line' id='line_1_58' title="bbox 820 2038 1513 2087; baseline 0.006 -15"><span class='ocrx_word' id='word_1_342' title='bbox 820 2038 922 2072; x_wconf 86' lang='lat' dir='ltr'><strong>eines</strong></span> <span class='ocrx_word' id='word_1_343' title='bbox 958 2038 1058 2074; x_wconf 81' lang='lat' dir='ltr'><strong>zeitl.</strong></span> <span class='ocrx_word' id='word_1_344' title='bbox 1096 2039 1187 2075; x_wconf 86' lang='lat' dir='ltr'><strong>oder</strong></span> <span class='ocrx_word' id='word_1_345' title='bbox 1223 2040 1310 2075; x_wconf 72' lang='lat' dir='ltr'><strong>ortl.</strong></span> <span class='ocrx_word' id='word_1_346' title='bbox 1349 2039 1513 2087; x_wconf 73' lang='lat' dir='ltr'><strong>Begrifls</strong></span> 
     </span>
     <span class='ocr_line' id='line_1_59' title="bbox 819 2085 1510 2125; baseline 0.006 -5"><span class='ocrx_word' id='word_1_347' title='bbox 819 2089 920 2120; x_wconf 72' lang='lat' dir='ltr'><strong>setzt</strong></span> <span class='ocrx_word' id='word_1_348' title='bbox 947 2085 1035 2122; x_wconf 84' lang='lat' dir='ltr'><strong>Sall.</strong></span> <span class='ocrx_word' id='word_1_349' title='bbox 1063 2085 1123 2122; x_wconf 79' lang='lat' dir='ltr'><strong>oft</strong></span> <span class='ocrx_word' id='word_1_350' title='bbox 1147 2098 1195 2123; x_wconf 85' lang='lat' dir='ltr'><strong>zu</strong></span> <span class='ocrx_word' id='word_1_351' title='bbox 1219 2086 1307 2123; x_wconf 84' lang='lat' dir='ltr'><strong>dem</strong></span> <span class='ocrx_word' id='word_1_352' title='bbox 1332 2087 1510 2125; x_wconf 82' lang='lat' dir='ltr'><strong>substan·</strong></span> 
     </span>
     <span class='ocr_line' id='line_1_60' title="bbox 821 2133 1509 2182; baseline 0.007 -15"><span class='ocrx_word' id='word_1_353' title='bbox 821 2133 999 2168; x_wconf 80' lang='lat' dir='ltr'><strong>tivierten</strong></span> <span class='ocrx_word' id='word_1_354' title='bbox 1044 2133 1179 2171; x_wconf 83' lang='lat' dir='ltr'><strong>Neutr.</strong></span> <span class='ocrx_word' id='word_1_355' title='bbox 1225 2136 1328 2171; x_wconf 80' lang='lat' dir='ltr'><strong>eines</strong></span> <span class='ocrx_word' id='word_1_356' title='bbox 1375 2134 1509 2182; x_wconf 74' lang='lat' dir='ltr'><strong>Super-</strong></span> 
     </span>
     <span class='ocr_line' id='line_1_61' title="bbox 817 2180 1510 2229; baseline 0.007 -14"><span class='ocrx_word' id='word_1_357' title='bbox 817 2180 953 2216; x_wconf 73' lang='lat' dir='ltr'><strong>lativos</strong></span> <span class='ocrx_word' id='word_1_358' title='bbox 962 2181 1054 2217; x_wconf 87' lang='lat' dir='ltr'><strong>oder</strong></span> <span class='ocrx_word' id='word_1_359' title='bbox 1061 2181 1398 2229; x_wconf 82' lang='lat' dir='ltr'><strong>superlativischen</strong></span> <span class='ocrx_word' id='word_1_360' title='bbox 1406 2183 1510 2221; x_wconf 84' lang='lat' dir='ltr'><strong>Wot-</strong></span> 
     </span>
     <span class='ocr_line' id='line_1_62' title="bbox 822 2229 1508 2278; baseline 0.009 -15"><span class='ocrx_word' id='word_1_361' title='bbox 822 2232 891 2270; x_wconf 72' lang='lat' dir='ltr'><strong>tes,</strong></span> <span class='ocrx_word' id='word_1_362' title='bbox 906 2230 974 2264; x_wconf 79' lang='lat' dir='ltr'><strong>wie</strong></span> <span class='ocrx_word' id='word_1_363' title='bbox 988 2229 1108 2275; x_wconf 86' lang='lat' dir='ltr'><strong>gleieh</strong></span> <span class='ocrx_word' id='word_1_364' title='bbox 1121 2231 1352 2278; x_wconf 76' lang='lat' dir='ltr'><strong>plerumque</strong></span> <span class='ocrx_word' id='word_1_365' title='bbox 1366 2232 1508 2269; x_wconf 70' lang='lat' dir='ltr'><strong>metis.</strong></span> 
     </span>
    </p>

    <p class='ocr_par' dir='ltr' id='par_1_17' title="bbox 816 2277 1510 2504">
     <span class='ocr_line' id='line_1_63' title="bbox 867 2277 1507 2316; baseline 0.006 -4"><span class='ocrx_word' id='word_1_366' title='bbox 867 2277 1030 2314; x_wconf 78' lang='lat' dir='ltr'><strong>obscuro</strong></span> <span class='ocrx_word' id='word_1_367' title='bbox 1064 2278 1186 2315; x_wconf 73' lang='lat' dir='ltr'><strong>etiam</strong></span> <span class='ocrx_word' id='word_1_368' title='bbox 1218 2284 1302 2316; x_wconf 80' lang='lat' dir='ltr'><strong>tum</strong></span> <span class='ocrx_word' id='word_1_369' title='bbox 1335 2279 1507 2316; x_wconf 78' lang='lat' dir='ltr'><strong>lumine:</strong></span> 
     </span>
     <span class='ocr_line' id='line_1_64' title="bbox 818 2324 1510 2375; baseline 0.006 -16"><span class='ocrx_word' id='word_1_370' title='bbox 818 2324 963 2360; x_wconf 70' lang='lat' dir='ltr'><strong>erklart</strong></span> <span class='ocrx_word' id='word_1_371' title='bbox 985 2324 1066 2360; x_wconf 89' lang='lat' dir='ltr'><strong>sioh</strong></span> <span class='ocrx_word' id='word_1_372' title='bbox 1091 2325 1211 2362; x_wconf 87' lang='lat' dir='ltr'><strong>durch</strong></span> <span class='ocrx_word' id='word_1_373' title='bbox 1237 2326 1510 2375; x_wconf 79' lang='lat' dir='ltr'><strong>Vergleichung</strong></span> 
     </span>
     <span class='ocr_line' id='line_1_65' title="bbox 818 2372 1507 2416; baseline 0.007 -10"><span class='ocrx_word' id='word_1_374' title='bbox 818 2382 894 2407; x_wconf 82' lang='lat' dir='ltr'><strong>von</strong></span> <span class='ocrx_word' id='word_1_375' title='bbox 912 2372 994 2408; x_wconf 88' lang='lat' dir='ltr'><strong>Liv.</strong></span> <span class='ocrx_word' id='word_1_376' title='bbox 1020 2374 1076 2415; x_wconf 88' lang='grc'><strong>10,</strong></span> <span class='ocrx_word' id='word_1_377' title='bbox 1096 2375 1155 2416; x_wconf 86' lang='grc'><strong>32,</strong></span> <span class='ocrx_word' id='word_1_378' title='bbox 1175 2377 1196 2411; x_wconf 86' lang='grc'><strong>7</strong></span> <span class='ocrx_word' id='word_1_379' title='bbox 1217 2375 1384 2411; x_wconf 77' lang='lat' dir='ltr'><strong>vixdum</strong></span> <span class='ocrx_word' id='word_1_380' title='bbox 1402 2376 1507 2411; x_wconf 71' lang='lat' dir='ltr'><strong>satie</strong></span> 
     </span>
     <span class='ocr_line' id='line_1_66' title="bbox 818 2420 1507 2470; baseline 0.004 -15"><span class='ocrx_word' id='word_1_381' title='bbox 818 2425 922 2455; x_wconf 78' lang='lat' dir='ltr'><strong>certa</strong></span> <span class='ocrx_word' id='word_1_382' title='bbox 962 2420 1067 2462; x_wconf 79' lang='lat' dir='ltr'><strong>luce:</strong></span> <span class='ocrx_word' id='word_1_383' title='bbox 1103 2423 1178 2470; x_wconf 85' lang='lat' dir='ltr'><strong>vgl.</strong></span> <span class='ocrx_word' id='word_1_384' title='bbox 1217 2422 1287 2458; x_wconf 87' lang='lat' dir='ltr'><strong>das</strong></span> <span class='ocrx_word' id='word_1_385' title='bbox 1324 2422 1507 2458; x_wconf 79' lang='lat' dir='ltr'><strong>deutsche</strong></span> 
     </span>
     <span class='ocr_line' id='line_1_67' title="bbox 816 2466 1085 2504; baseline 0.004 -1"><span class='ocrx_word' id='word_1_386' title='bbox 816 2466 1085 2504; x_wconf 81' lang='lat' dir='ltr'><strong>‘Heudunke1&#39;.</strong></span> 
     </span>
    </p>

    <p class='ocr_par' dir='ltr' id='par_1_18' title="bbox 815 2515 1504 2657">
     <span class='ocr_line' id='line_1_68' title="bbox 863 2515 1502 2563; baseline 0.003 -13"><span class='ocrx_word' id='word_1_387' title='bbox 863 2515 1006 2561; x_wconf 68' lang='lat' dir='ltr'><strong>fuya-nt</strong></span> <span class='ocrx_word' id='word_1_388' title='bbox 1060 2517 1328 2563; x_wconf 69' lang='lat' dir='ltr'><strong>funduntque:</strong></span> <span class='ocrx_word' id='word_1_389' title='bbox 1381 2520 1502 2560; x_wconf 80' lang='lat' dir='ltr'><strong>sonat,</strong></span> 
     </span>
     <span class='ocr_line' id='line_1_69' title="bbox 815 2562 1504 2611; baseline 0.004 -14"><span class='ocrx_word' id='word_1_390' title='bbox 815 2562 912 2598; x_wconf 86' lang='lat' dir='ltr'><strong>auoh</strong></span> <span class='ocrx_word' id='word_1_391' title='bbox 944 2563 1003 2598; x_wconf 85' lang='lat' dir='ltr'><strong>bei</strong></span> <span class='ocrx_word' id='word_1_392' title='bbox 1036 2564 1139 2606; x_wconf 69' lang='lat' dir='ltr'><strong>Sall„</strong></span> <span class='ocrx_word' id='word_1_393' title='bbox 1170 2566 1210 2600; x_wconf 92' lang='lat' dir='ltr'><strong>in</strong></span> <span class='ocrx_word' id='word_1_394' title='bbox 1240 2564 1504 2611; x_wconf 66' lang='lat' dir='ltr'><strong>umgekehrter</strong></span> 
     </span>
     <span class='ocr_line' id='line_1_70' title="bbox 815 2609 1009 2657; baseline 0.005 -12"><span class='ocrx_word' id='word_1_395' title='bbox 815 2609 1009 2657; x_wconf 86' lang='lat' dir='ltr'><strong>ordnung.</strong></span> 
     </span>
    </p>

    <p class='ocr_par' dir='ltr' id='par_1_19' title="bbox 862 2659 1498 2705">
     <span class='ocr_line' id='line_1_71' title="bbox 862 2659 1498 2705; baseline 0 -11"><span class='ocrx_word' id='word_1_396' title='bbox 862 2663 1097 2703; x_wconf 73' lang='lat' dir='ltr'><strong>coyatomm:</strong></span> <span class='ocrx_word' id='word_1_397' title='bbox 1121 2659 1340 2695; x_wconf 85' lang='lat' dir='ltr'><strong>bezeichnet</strong></span> <span class='ocrx_word' id='word_1_398' title='bbox 1359 2660 1498 2705; x_wconf 71' lang='lat' dir='ltr'><strong>cigent-</strong></span> 
     </span>
    </p>
   </div>
  </div>
 </body>
</html>
