1696 2820
149 103 204 146 36
307 114 314 121 '
608 99 652 139 C.
676 99 928 138 SALLVSTI
953 98 1124 138 CRISPI

106 229 126 256 ⁵
252 218 323 268 Ei,
339 218 450 272 quod
466 231 531 259 res
548 218 591 259 in
610 218 765 259 invidia
784 223 872 259 erat
890 217 1011 258 simul
1029 221 1072 258 et
1086 215 1142 259 ab
1161 215 1352 258 Numidis
1371 217 1584 267 obsecrati,

148 277 286 320 triduo
308 277 446 319 navim
467 277 723 327 adscendere,
747 278 840 318 dein
860 277 975 318 brevi
991 274 1157 318 Uticam
1177 277 1336 331 adpulsi
1350 277 1510 321 litteras
1531 279 1582 319 ad

148 336 392 391 Iugurtham
424 338 612 378 mittunt:
647 351 771 390 quam
802 337 1000 378 ocissume
1032 336 1086 376 ad
1114 337 1371 390 provinciam
1401 338 1581 386 accedat,

105 407 124 435 e
147 410 270 451 seque
288 397 343 438 ad
359 411 452 439 eum
470 397 522 437 ab
541 402 686 437 senatu
703 397 858 437 missos.
892 396 959 437 ille
975 395 1048 437 ubi
1065 397 1222 450 accepit
1239 397 1423 437 homines
1440 397 1582 445 claros,

149 469 323 511 quorum
340 457 628 498 auctoritatem
640 457 795 496 Romae
811 455 962 508 pollere
979 455 1204 504 audiverat,
1224 462 1366 497 contra
1377 457 1585 510 inceptum

147 529 268 557 suum
292 517 465 564 venisse,
492 516 624 568 primo
650 521 879 556 commotus
904 519 1018 556 metu
1043 519 1168 568 atque
1191 515 1374 556 lubidine
1400 516 1586 556 divorsus

105 586 124 613 s
148 576 397 629 agitabatur:
428 575 604 615 timebat
630 575 734 615 iram
762 580 940 623 senatus,
971 575 1013 615 ni
1043 575 1245 627 paruisset
1271 575 1434 628 legatis;
1465 589 1585 628 porro

106 646 123 673 ⁷
147 635 308 676 animus
336 635 526 687 cupidine
553 648 695 675 caecus
724 634 776 674 ad
803 635 1012 687 inceptum
1039 634 1167 674 scelus
1194 635 1441 687 rapiebatur.
1485 636 1591 676 vicit..

105 706 124 732 9
147 700 287 735 tamen
321 694 365 734 in
402 694 523 735 avido
559 694 722 746 ingenio
758 706 932 747 pravum
968 695 1194 734 consilium.
1247 694 1371 747 igitur
1405 697 1584 735 exercitu

146 753 398 795 circumdato
421 767 580 795 summa
603 754 646 793 vi
668 753 822 795 Cirtam
843 754 1073 806 inrumpere
1098 754 1259 801 nititur,
1284 767 1473 794 maxume
1497 768 1582 807 spe-

149 827 244 854 rans
271 813 439 854 diducta
465 827 591 853 manu
617 812 799 853 hostium
825 818 898 854 aut
924 813 966 853 vi
994 818 1068 853 aut
1099 812 1202 852 dolis
1229 827 1313 854 sese
1351 827 1489 854 casum
1526 815 1584 854 vi-

86 883 124 911 10
147 874 301 914 ctoriae
329 874 604 913 inventurum.
647 873 759 925 quod
779 873 850 913 ubi
870 887 983 913 secus
1012 872 1197 926 procedit
1227 886 1356 925 neque
1387 873 1497 926 quod
1526 874 1584 912 in-

143 932 334 974 tenderat
371 933 531 973 efficere
568 937 719 985 potest,
759 938 807 972 ut
843 933 956 985 prius
995 945 1118 984 quam
1155 931 1311 984 legatos
1348 934 1586 973 conveniret

142 992 385 1034 Adherbalis
421 993 636 1045 potiretur,
677 1006 727 1032 ne
767 991 939 1044 amplius
977 991 1173 1032 morando
1214 991 1424 1040 Scaurum,
1464 1006 1582 1045 quen)

142 1052 378 1105 plurumum
400 1051 624 1100 metuebat,
648 1052 896 1100 incenderet,
921 1065 1013 1092 cum
1036 1052 1177 1104 paucis
1199 1050 1405 1104 equitibus
1427 1052 1471 1091 in
1492 1066 1582 1105 pro-

82 1123 117 1150 11
142 1112 321 1152 vinciam
344 1112 472 1152 venit.
514 1125 560 1151 ac
586 1112 753 1152 tametsi
778 1113 908 1152 senati
935 1110 1069 1151 verbis
1093 1124 1236 1163 graves
1261 1112 1396 1151 minae
1422 1112 1583 1151 nuntia—

141 1171 305 1219 bantur,
340 1171 450 1223 quod
482 1171 534 1210 ab
566 1172 872 1224 oppugnatione
904 1185 986 1211 non
1019 1171 1246 1218 desisteret,
1281 1170 1411 1211 multa
1442 1178 1579 1212 tamen

67 1233 118 1271 26
141 1231 326 1272 oratione
364 1235 607 1283 consumpta
643 1230 766 1283 legati
805 1231 957 1270 frustra
995 1230 1224 1271 discessere.
1278 1244 1325 1270 ea
1362 1237 1580 1284 postquam

140 1290 274 1332 Cirtae
295 1290 439 1331 audita
459 1295 569 1339 sunt,
593 1290 741 1339 Italici,
765 1304 938 1342 quorum
958 1290 1112 1330 virtute
1134 1290 1295 1330 moenia
1317 1289 1582 1330 defensaban-

139 1356 221 1398 tur,
248 1350 394 1391 confisi
420 1350 629 1391 deditione
655 1350 767 1390 facta
791 1355 959 1403 propter
985 1349 1310 1402 magnitudinem
1336 1350 1475 1402 populi
1501 1350 1582 1390 Ro-

140 1410 252 1450 mani
276 1410 495 1451 inviolatos
519 1424 605 1450 sese
629 1409 728 1458 fore,
755 1409 977 1450 Adherbali
1002 1409 1188 1457 suadent,
1214 1409 1276 1449 uti
1301 1423 1423 1461 seque
1448 1415 1490 1449 et
1513 1424 1582 1462 op·

184 1519 218 1553 5.
251 1518 296 1553 in
328 1517 488 1554 invidia
517 1517 682 1553 namlieh
712 1517 823 1563 apud

135 1566 350 1611 populum:
387 1565 453 1600 der
489 1565 707 1611 allgemeine
746 1565 821 1601 Un-

135 1613 244 1655 wille,
295 1611 368 1648 den
418 1612 478 1648 die
532 1613 649 1649 Sache
699 1617 825 1659 crregt

135 1660 257 1703 hatte,
287 1661 437 1696 machte
468 1660 549 1696 Eile
578 1662 698 1706 notig.

184 1708 307 1744 simul
335 1713 388 1744 et:
418 1719 465 1744 zu
493 1709 552 1750 20,
586 1710 618 1751 1,
647 1709 729 1744 hier
756 1707 823 1743 der

136 1755 250 1792 Form
294 1756 390 1791 nach
433 1757 626 1803 ungleiche
675 1755 824 1792 Glieder

136 1803 382 1839 verbindend.

184 1862 316 1897 seque:
351 1851 412 1887 die
446 1851 717 1897 Konjunktion
751 1862 823 1897 que

135 1898 277 1945 kniipft
304 1899 554 1935 unmittelbar
582 1911 631 1934 an
659 1899 728 1934 das
757 1909 824 1934 aus

133 1947 298 1983 mittunt
335 1958 382 1982 zu
418 1946 697 1983 entnehmende
733 1947 822 1983 Ver-

134 1994 225 2030 bum
256 1994 421 2036 dicendi3
454 1996 528 2041 vgl.
559 1995 664 2031 Caes.
697 1994 742 2030 B.
778 1994 822 2030 G.

135 2044 170 2084 4,
205 2043 240 2084 6,
275 2043 296 2077 3
330 2043 509 2087 cognovit
540 2043 690 2079 missas
723 2042 822 2087 ἱερα-

138 2089 267 2125 tiones
287 2089 336 2125 ab
358 2090 570 2126 nonnullis
594 2090 825 2127 civitatibus

136 2136 190 2173 ad
217 2137 433 2173 Germanos
463 2138 730 2184 invitatosque
761 2149 826 2173 eos

137 2183 202 2220 uti
210 2185 259 2220 ab
267 2184 402 2221 Rheno
413 2185 655 2222 discederent
672 2185 822 2222 omnia-

145 2243 227 2278 que
263 2244 361 2277 quae.
397 2234 667 2278 postulassent
705 2234 754 2269 ab
784 2245 824 2268 se

138 2281 219 2324 fore
248 2285 404 2324 parata.

184 2328 218 2362 6.
250 2333 357 2363 metu
386 2332 501 2372 atque
536 2329 734 2364 lubidine:
766 2340 822 2374 ge-

136 2375 226 2410 hort
250 2386 335 2410 zum
364 2375 475 2411 Vcrb.
505 2376 619 2418 finit„
648 2376 755 2411 nicht
781 2388 825 2411 zu

136 2427 362 2459 commotus.

183 2475 322 2507 contra
347 2470 549 2515 inceptum
573 2482 708 2507 suum:
732 2471 826 2506 ‘ihm

134 2517 174 2552 in
199 2517 273 2553 den
300 2518 393 2553 Arm
418 2529 466 2553 zu
490 2517 630 2553 fallen’.

183 2564 385 2602 diversus:
414 2565 642 2612 iibertragon
672 2566 736 2601 auf
765 2566 826 2601 ein

134 2612 321 2650 einzelnes
336 2612 580 2648 Individuum
599 2614 687 2657 (vgl.
704 2614 758 2654 12,
775 2616 824 2658 5),

893 1516 1112 1551 bezeichnet
1153 1516 1226 1551 den
1269 1518 1424 1552 inneren
1469 1518 1579 1552 Zwie-

891 1564 1008 1610 spalt;
1030 1564 1111 1599 Liv.
1133 1565 1192 1606 26,
1212 1566 1248 1605 5,
1271 1565 1288 1599 l
1307 1565 1580 1601 Hannibalem

892 1611 1094 1647 diversum
1117 1611 1359 1647 Tarentinae
1382 1613 1491 1649 arcis
1512 1625 1578 1658 po-

893 1659 1057 1695 tiundae
1084 1659 1321 1705 Capuaeque
1349 1661 1581 1696 retinendae

894 1707 1098 1743 trahebant
1126 1719 1255 1744 curae.

941 1757 973 1790 7.
1007 1766 1143 1800 porro:
1174 1755 1291 1790 ‘dann
1322 1755 1485 1790 wieder'.

939 1803 973 1838 9.
1009 1802 1172 1839 diducta
1198 1814 1307 1838 usw.:
1342 1803 1487 1839 erklart
1503 1803 1582 1838 sich

893 1861 961 1933 alge
974 1849 1060 1886 dem
1073 1850 1404 1897 vorhergehenden
1419 1851 1583 1887 circum-

949 1903 998 1934 to.

942 1957 1096 1982 casum:
1137 1945 1362 1992 ‘giinstige
1405 1945 1585 1993 Gelegen-

894 1994 986 2035 heit,
1032 1994 1211 2035 Chanee’;
1259 1994 1378 2029 seiten
1424 2005 1466 2030 so
1513 1995 1587 2029 mit

898 2042 1064 2077 Genitiv.

944 2091 999 2125 10.
1031 2093 1074 2124 ut
1092 2089 1211 2134 prius
1229 2099 1336 2124 usw.:
1368 2089 1584 2135 Epexegese

895 2148 972 2173 von
1004 2136 1107 2183 quod
1138 2135 1373 2172 intenderat.

946 2186 998 2219 ll.
1027 2184 1174 2219 senati:
1201 2183 1302 2219 diese
1331 2183 1585 2219 Genitivform

895 2232 1072 2267 wechselt
1104 2232 1176 2267 mit
1199 2231 1266 2266 der
1292 2231 1587 2277 gewbhnlichen‚

895 2280 970 2326 vgl.
998 2280 1056 2321 21,
1082 2281 1116 2315 4.
1145 2280 1204 2321 28,
1231 2280 1264 2314 3.

946 2327 1099 2371 frustra
1154 2343 1191 2356 =
1253 2326 1416 2370 injectis
1469 2326 1585 2360 rebus

897 2377 971 2419 (28,
991 2376 1045 2418 3);
1065 2374 1297 2411 discessere:
1315 2374 1382 2409 ‘sie
1400 2373 1584 2408 mussten

896 2422 1101 2458 abziehen’.

946 2470 1006 2506 26.
1034 2472 1065 2506 1.
1091 2470 1249 2506 Italici:
1273 2479 1319 2504 zu
1345 2469 1403 2508 21,
1428 2469 1460 2503 2.

945 2530 1058 2563 seque
1084 2522 1137 2552 et:
1158 2529 1228 2552 nur
1243 2518 1295 2551 im
1314 2515 1348 2551 b.
1370 2516 1468 2561 Iug.‚
1494 2515 1584 2556 und,

897 2567 969 2601 wic
988 2576 1209 2611 -que——que
1225 2565 1331 2608 (10‚2
1346 2574 1382 2598 11.
1399 2565 1463 2607 ὃ.),
1479 2574 1585 2598 wenn

899 2613 967 2647 das
982 2616 1084 2648 ersoe
1101 2612 1206 2648 Glied
1225 2613 1283 2647 ein
1301 2611 1509 2647 Pronomcn
1526 2612 1587 2647 ist.
