1696 2820
189 114 242 156 82
648 108 694 147 e.
717 106 971 149 sALLvsrr
995 107 1164 147 cmsm

186 242 352 272 omnem
385 228 438 270 ad
470 232 605 270 castra
637 241 809 282 propere
842 227 954 269 misit
987 241 1035 269 ac
1067 227 1210 268 statim
1243 228 1286 269 O.
1322 227 1496 268 Marium
1530 241 1624 269 cum

186 288 421 330 cohortibus
444 287 659 337 sociorum,
684 301 857 341 eumque
878 287 1109 328 lacrumans
1131 300 1204 340 per
1226 286 1450 328 amicitiam
1471 300 1623 341 perque

185 361 273 389 rem
303 347 510 402 publicam
543 347 742 396 obsecrat,
777 361 828 388 ne
861 360 987 400 quam
1018 347 1308 387 contumeliam
1340 359 1549 387 remanere
1581 348 1623 388 in

185 408 367 449 exercitu
402 408 557 448 victore
594 421 696 448 neve
732 406 861 448 hostis
897 406 1049 447 inultos
1085 406 1197 447 abire
1233 407 1353 446 sinat.
1406 406 1472 446 ille
1508 406 1624 447 brevi

142 478 161 505 c
185 467 382 508 mandata
402 467 543 508 efficit.
580 472 626 507 at
645 466 846 519 Iugurtha
865 466 1119 507 munimento
1140 471 1366 506 castrorum
1387 465 1619 519 impedituS,

183 541 278 568 cum
301 526 370 567 alii
393 541 513 580 super
534 526 689 567 vallum
711 526 1043 580 praecipitarent,
1069 525 1137 565 alii
1158 525 1201 566 in
1224 526 1422 578 angustiis
1444 525 1523 578 ipsi
1545 526 1622 566 sibi

182 591 447 640 properantes
460 586 687 635 officerent,
702 586 842 626 multis
856 585 1013 625 amissis
1026 585 1069 625 in
1080 585 1170 625 loca
1183 586 1343 625 munita
1356 600 1440 626 sese
1455 586 1619 638 recepit.

139 657 156 684 7
181 646 368 688 Metellus
391 646 543 687 infecto
565 645 741 699 negotio,
768 650 987 698 postquam
1013 659 1095 685 nox
1117 644 1272 694 aderat,
1302 645 1346 685 in
1368 650 1502 685 castra
1523 659 1617 686 cum

181 706 364 747 exercitu
389 705 624 746 revortitur.

107 769 158 806 59
285 765 418 819 Igitur
436 770 600 818 postero
621 764 699 813 die,
721 764 833 818 prius
854 778 978 817 quam
999 763 1052 803 ad
1072 763 1393 816 oppugnandum
1412 764 1616 816 egredere-

179 830 261 874 tur,
291 825 522 878 equitatum
550 838 713 865 omnem
740 824 784 864 in
810 837 859 864 ea
885 829 1015 876 parte,
1045 837 1126 876 qua
1154 823 1258 875 regis
1285 823 1487 863 adventus
1515 830 1615 871 erat,

177 898 252 938 pro
289 885 433 925 castris
470 885 624 937 agitare
660 884 788 932 iubet,
825 888 967 936 portas
1003 888 1045 923 et
1081 896 1282 936 proxuma
1317 882 1407 924 loca
1442 883 1618 922 tribunis

177 944 380 998 dispertit,
412 944 556 985 deinde
585 944 670 997 ipse
699 944 831 996 pergit
861 943 913 982 ad
942 942 1138 995 oppidum
1168 948 1291 995 atque
1321 942 1384 982 uti
1411 942 1617 995 superiore

137 1015 155 1042 2
179 1004 244 1045 die
273 1017 437 1044 murum
466 1004 711 1057 aggreditur.
758 1003 921 1043 interim
952 1002 1151 1055 Iugurtha
1181 1016 1231 1042 ex
1261 1002 1421 1042 occulto
1450 1008 1616 1055 repente

179 1069 339 1106 nostros
378 1063 557 1111 invadjt3
599 1063 670 1115 qui
710 1063 753 1102 in
791 1076 991 1115 proxumo
1031 1062 1155 1102 locati
1194 1062 1369 1109 fuerant,
1412 1061 1616 1114 paulisper

135 1135 151 1160 3
178 1123 311 1164 territi
344 1123 651 1176 perturbantur,
686 1122 831 1174 reliqui
865 1121 947 1162 cito
982 1121 1242 1161 subveniunt.
1295 1134 1425 1173 neque
1461 1121 1615 1161 diutius

175 1182 378 1223 Numidae
410 1182 595 1223 resistere
628 1182 867 1234 quivissent,
902 1181 944 1220 ni
975 1181 1132 1234 pedites
1163 1194 1256 1220 cum
1289 1180 1494 1233 equitibus
1526 1194 1614 1233 per·

99 1257 101 1259 ·
174 1242 295 1282 mixti
320 1255 512 1295 magnam
538 1241 695 1283 cladem
722 1241 765 1281 in
790 1254 1007 1292 congressu
1032 1240 1232 1287 facerent3
1262 1240 1409 1293 quibus
1435 1240 1493 1279 illi
1519 1240 1614 1280 freti

174 1316 270 1351 non,
293 1302 356 1342 uti
378 1301 557 1354 equestri
579 1300 730 1354 proelio
753 1301 867 1348 solet,
892 1300 1019 1353 sequi,
1043 1299 1137 1340 dein
1159 1300 1312 1348 cedere,
1337 1299 1408 1340 sed
1431 1299 1614 1340 advorsis

173 1361 287 1414 equis
314 1375 563 1409 concurrere,
591 1360 784 1413 inplicare
812 1374 858 1400 ac
885 1359 1124 1412 perturbare
1152 1359 1298 1406 aciem;
1327 1359 1386 1398 ita
1412 1359 1612 1411 expeditis

126 1437 128 1439 ’
175 1420 382 1474 peditibus
425 1420 507 1461 suis
554 1420 682 1460 hostis
729 1433 860 1472 paene
902 1419 1033 1459 victos
1076 1418 1185 1459 dare.
1245 1418 1386 1459 eodem
1428 1423 1611 1471 tempore

101 1484 152 1522 60
177 1480 287 1534 apud
324 1481 492 1520 Zamam
519 1493 668 1532 magna
696 1479 738 1519 vi
764 1478 1012 1519 certabatur.
1055 1478 1127 1518 ubi
1155 1478 1325 1531 quisque
1352 1478 1510 1530 legatus
1538 1485 1611 1518 aut

171 1540 361 1580 tribunus
386 1540 571 1587 curabat,
599 1554 646 1579 eo
673 1552 879 1579 acerrume
906 1538 995 1586 niti,
1024 1551 1155 1590 neque
1182 1538 1284 1577 alius
1310 1538 1351 1576 in
1378 1538 1456 1577 alio
1483 1538 1610 1590 magis

171 1613 296 1653 quam
322 1600 365 1639 in
390 1613 476 1640 sese
502 1612 617 1652 spem
643 1598 810 1645 habere;
839 1597 1071 1650 pariterque
1098 1597 1293 1649 oppidani
1320 1610 1453 1648 agere:
1481 1611 1608 1650 oppu-

169 1672 292 1712 gnare
329 1664 402 1699 aut
436 1671 580 1712 parare
616 1657 803 1697 omnibus
839 1656 948 1704 locis,
987 1655 1145 1695 avidius
1182 1656 1299 1696 alteri
1334 1656 1482 1696 alteros
1518 1670 1606 1696 sau-

164 1750 421 1796 abgeriickten
438 1749 635 1785 Kohorten
654 1751 850 1794 entgegen-
969 1746 1123 1791 pedites
1152 1774 1160 1781 .
1194 1773 1201 1781 .
1235 1773 1242 1781 .
1274 1747 1485 1791 permixti:
1516 1747 1551 1781 d.
1584 1749 1605 1781 i.

165 1797 323 1833 treiben.
922 1794 1071 1835 velites,
1099 1805 1145 1829 zu
1170 1796 1228 1835 46,
1256 1796 1288 1829 7.

213 1845 384 1882 inultos:
429 1855 505 1881 von
550 1843 695 1880 ulcisci
742 1842 848 1887 (bzw.
969 1841 1169 1887 expeditis
1210 1841 1432 1886 peditibus:
1475 1841 1607 1877 ‘durch

163 1893 353 1930 ulciscere
389 1893 448 1935 31,
485 1894 523 1935 8)
557 1893 598 1927 in
632 1891 699 1926 der
733 1893 792 1931 42,
828 1893 850 1925 4
920 1888 1167 1935 Anwendung
1191 1890 1292 1924 ihrer
1319 1889 1481 1924 leichteu
1508 1889 1606 1924 Fuss-

162 1940 485 1977 vorkommenden
517 1939 742 1984 Bedeutung
773 1938 851 1972 und
921 1937 1108 1983 truppen'.
1142 1937 1219 1972 Der
1236 1936 1320 1973 Abl.
1339 1938 1512 1972 instrum.
1532 1949 1606 1973 von

162 1989 319 2024 Konstr.
353 1989 434 2024 ‘zur
467 1987 593 2024 Strafe
624 1985 778 2022 ziehen'.
921 1985 1120 2026 Personen,
1162 1985 1231 2020 wie
1271 1996 1311 2020 er
1351 1984 1411 2020 bei
1453 1984 1604 2020 militar.

210 2035 272 2073 59.
299 2037 329 2072 1.
356 2048 435 2082 qua
459 2062 467 2070 .
494 2062 503 2070 .
531 2062 539 2070 .
566 2040 667 2070 erat:
691 2035 762 2069 “wo
786 2032 852 2068 der
920 2032 1168 2068 Ausdriicken
1192 2032 1420 2068 vorkommt.

160 2083 371 2119 Anmarsoh
395 2095 442 2119 zu
467 2086 651 2119 erwaroen
675 2081 777 2118 war’.
967 2079 1079 2116 dare:
1107 2080 1457 2126 Grundbedeutung
1480 2079 1606 2124 ‘(hin—)

207 2131 242 2168 2.
273 2131 392 2167 locati
421 2132 599 2176 juerant:
627 2130 714 2165 ‘den
744 2128 851 2164 Platz
919 2128 1077 2170 stenen’,
1125 2129 1193 2163 wie
1239 2129 1279 2162 in
1325 2127 1399 2162 den
1447 2129 1605 2163 meisten

160 2180 392 2226 angewiesen
431 2179 655 2215 bekommen
688 2175 848 2217 hatten’,
919 2175 1134 2222 Komposs.‚
1158 2175 1232 2222 vgl.
1256 2175 1396 2211 abdere
1419 2186 1459 2210 se
1482 2175 1540 2217 38,
1564 2178 1603 2216 5;

133 2234 207 2262 'zu
237 2227 292 2268 10,
320 2229 352 2262 6.
918 2223 1163 2259 circumdare
1205 2223 1422 2258 exercitwm
1462 2223 1520 2264 25,
1562 2224 1602 2263 93

208 2275 240 2310 3.
264 2274 488 2310 Numidae:
512 2273 669 2309 welcher
692 2272 847 2307 Kaous?
917 2271 997 2305 hier
1013 2272 1081 2306 wie
1098 2270 1254 2306 reddere
1272 2271 1344 2306 mit
1359 2270 1471 2316 dopp.
1492 2270 1602 2311 Akk„

209 2322 443 2367 quivissent,
470 2321 517 2356 ni
543 2348 551 2355 .
582 2348 589 2355 .
618 2348 627 2356 .
656 2321 848 2364 jacerent:
916 2320 998 2353 eine
1034 2318 1100 2354 der
1136 2318 1486 2364 Umgangssprache
1522 2322 1600 2353 ent-

157 2368 227 2404 das
267 2369 381 2417 Impf.
423 2370 475 2404 im
517 2368 743 2404 Vordersatz
782 2367 849 2402 der
916 2377 1114 2402 nommene
1147 2365 1458 2411 Umschreibung.

155 2417 317 2453 irrealen
365 2416 611 2463 Hypothesis‚
662 2427 725 2450 um
774 2415 846 2450 den
964 2414 1026 2450 60.
1058 2416 1086 2449 1.
1119 2426 1161 2450 eo
1190 2425 1389 2450 acerrume
1418 2413 1516 2447 niti:
1546 2423 1600 2452 eo,

158 2464 334 2512 Vorgang
380 2467 420 2500 in
467 2464 533 2499 der
580 2464 707 2498 Dauor
755 2463 844 2508 (vgl.
916 2463 982 2497 wie
1012 2466 1130 2502 sonst,
1161 2462 1260 2498 lokal
1290 2461 1368 2496 und
1397 2460 1601 2495 korrelativ

141 2513 215 2554 ⁴60,
255 2514 287 2548 3.
327 2514 367 2556 4)
405 2523 451 2548 zu
487 2511 686 2547 schildern.
739 2511 847 2546 Ohne
916 2521 961 2544 zu
999 2509 1087 2544 ubi.-
1124 2509 1252 2555 ‘gegen
1287 2508 1348 2543 die
1387 2508 1500 2543 Stella
1536 2507 1602 2542 der

157 2559 397 2606 Bodingung:
439 2565 521 2595 twm
560 2571 648 2594 vero
687 2558 845 2594 diutius
914 2557 1055 2598 Manet,
1078 2568 1133 2592 wo
1155 2584 1162 2591 .
1186 2583 1194 2591 .
1218 2583 1241 2598 .‚
1264 2556 1422 2590 richoeto
1442 2567 1482 2590 er
1500 2556 1602 2590 scine

152 2606 357 2643 Numidae
379 2608 621 2645 restiterunt,
645 2605 747 2651 quod
769 2633 775 2640 .
801 2633 808 2640 .
834 2632 841 2639 .
915 2606 1227 2651 Anstrengungen
1251 2604 1322 2638 mit
1344 2602 1435 2638 aller
1458 2602 1597 2638 Kraft‘.

157 2655 371 2699 jaciebant.
962 2663 1212 2698 oppuqnare:
1245 2651 1325 2686 dies
1354 2651 1467 2686 sowie
1497 2650 1600 2694 jedes
