1696 2820
115 44 133 75 N
169 105 224 151 10
500 116 502 118 ’
631 99 673 138 C.
697 97 950 137 SALLVS‘H
974 96 1146 136 CRISPI

172 221 370 276 adpetens
397 220 548 274 gloriae
576 219 778 268 militaris,
808 217 957 258 statuit
985 229 1078 258 eum
1107 215 1310 266 obiectare
1340 221 1383 257 et
1410 230 1458 258 eo
1486 218 1608 258 modo

169 282 380 324 fortunam
404 285 622 334 temptare.

126 353 149 381 ε
275 340 408 394 Igitur
424 340 530 381 bello
548 338 804 380 Numantino
822 336 992 389 Micipsa
1009 349 1104 377 cum
1120 335 1272 389 populo
1290 336 1479 377 Romano
1497 339 1608 390 equi·

173 406 265 442 tum
294 405 418 453 atque
446 399 633 452 peditum
663 397 815 438 auxilia
844 396 1044 444 mitteret,
1074 409 1242 448 sperans
1269 395 1336 436 vel
1365 397 1610 438 ostentando

173 461 372 502 virtutem
394 459 460 500 vel
483 458 664 499 hostium
687 456 861 498 saevitia
883 455 1000 495 facile
1025 468 1119 495 eum
1141 469 1391 504 occasurum,
1416 456 1612 508 praefecit

133 532 150 558 8
174 518 503 571 Numidis„quos
525 518 569 557 in
591 516 836 570 Hispaniam
858 514 1066 555 mittebat.
1106 514 1177 555 sed
1200 528 1248 555 ea
1267 529 1333 555 res
1355 515 1471 568 longe
1496 515 1614 557 aliter

133 591 152 618 4
175 594 222 620 ac
243 584 357 620 ratus
378 583 466 619 erat
486 577 636 618 evenit.
674 589 770 616 nam
791 574 1005 626 Iugurtha,
1027 579 1076 614 ut
1096 578 1184 614 erat
1204 574 1363 627 inpigro
1384 580 1509 628 atque
1530 576 1613 617 acri

173 639 349 692 ingenio,
370 637 441 678 ubi
461 643 651 677 naturam
670 636 716 675 P.
741 634 954 687 Scipionis,
976 633 1046 686 qui
1066 638 1157 674 tum
1176 633 1375 674 Romanis
1394 634 1616 687 imperator

175 704 276 746 erat,
298 702 340 739 et
359 710 515 737 morem
535 696 717 736 hostium
736 694 941 747 cognovit,
964 693 1095 734 multo
1114 692 1252 734 labore
1273 694 1484 747 multaque
1503 708 1613 743 cura,

174 762 386 812 praeterea
410 755 721 796 modestissume
745 754 927 807 parendo
952 759 994 794 et
1019 766 1138 805 saepe
1164 753 1329 793 obviam
1353 754 1486 794 eundo
1511 755 1615 807 peri-

176 817 277 859 culis
295 817 340 857 in
358 821 521 856 tantam
541 814 827 855 claritudinem
846 813 962 854 brevi
981 817 1236 866 pervenerat,
1258 817 1307 852 ut
1327 813 1477 854 nostris
1497 814 1616 854 vehe-

136 877 153 902 5
177 881 334 918 menter
352 889 481 923 carus,
501 873 766 915 Numantinis
784 887 977 913 maxumo
996 872 1142 913 terrori
1159 877 1277 912 esset.
1312 886 1359 913 ac
1377 886 1487 921 sane,
1507 874 1617 926 quod

177 935 478 977 difficillumum
502 935 546 974 in
569 933 712 987 primis
733 939 807 982 est,
840 937 883 974 et
906 932 1058 985 proelio
1085 937 1274 972 strenuus
1300 937 1388 973 erat
1416 937 1458 972 et
1488 932 1618 974 bonus

177 988 361 1037 consilio:
387 1007 562 1047 quorum
585 994 760 1034 alterum
784 1007 835 1034 ex
858 992 1118 1046 providentia
1141 992 1344 1040 timorem,
1371 991 1545 1033 alterum
1569 1007 1620 1034 ex

136 1068 154 1093 s
179 1055 349 1096 audacia
369 1054 646 1095 temeritatem
667 1053 826 1093 adferre
845 1053 1084 1105 plerumque
1105 1051 1218 1092 solet.
1255 1051 1380 1104 igitur
1398 1052 1620 1104 imperator

178 1115 310 1156 omnis
332 1114 415 1155 fere
438 1127 502 1154 res
525 1126 688 1166 asperas
711 1126 782 1165 per
805 1112 1047 1165 Iugurtham
1071 1124 1201 1163 agere,
1226 1111 1270 1150 in
1292 1111 1434 1151 amicis
1456 1111 1617 1161 habere,

178 1174 306 1227 magis
326 1174 535 1226 magisque
555 1186 649 1213 eum
669 1173 712 1212 in
733 1172 819 1213 dies
840 1171 1045 1224 amplecti,
1068 1171 1219 1224 quippe
1240 1170 1354 1211 cuius
1375 1184 1506 1223 neque
1527 1186 1619 1212 con—

222 1277 258 1313 7.
292 1277 325 1311 2.
363 1275 462 1311 bello
493 1275 765 1311 Nmnamino:
800 1286 858 1321 ge-

173 1324 280 1360 fiihrt
306 1324 492 1359 143—133
524 1335 640 1369 gegen
672 1322 859 1358 keltiberi-

174 1372 260 1408 sche
300 1372 468 1407 Stamme
505 1375 617 1406 unter
653 1370 860 1412 Viriathus,

175 1423 343 1467 genannt
356 1418 454 1454 nach
469 1417 536 1454 der
554 1418 668 1455 Stadt
678 1418 722 1454 N
722 1430 861 1454 uman-

176 1469 246 1510 tia,
278 1478 342 1502 um
370 1466 508 1503 welche
537 1466 617 1502 sich
646 1466 863 1502 schliesslich

930 1274 1084 1309 sonders
1128 1272 1300 1308 erwahnt
1342 1272 1452 1315 wird;
1498 1285 1527 1308 s.
1575 1286 1620 1308 zu

931 1323 1013 1367 Iug.
1041 1323 1101 1362 69,
1127 1322 1160 1356 4.

979 1371 1012 1405 5.
1043 1369 1090 1404 in
1117 1368 1283 1414 primis:
1311 1379 1406 1414 ganz
1433 1370 1623 1414 singulare

931 1417 1191 1462 Verstarkung
1218 1415 1283 1451 des
1307 1416 1544 1461 Superlativs
1576 1437 1623 1442 —

931 1466 1028 1501 ‘eine
1051 1464 1189 1499 hcohst
1211 1463 1426 1510 schwierige
1451 1464 1623 1512 Aufgabe

175 1516 242 1552 der
273 1515 391 1561 Krieg
422 1514 711 1550 konzentrierte.
759 1508 864 1549 Uber

176 1564 309 1600 dessen
328 1562 554 1609 Bedeutung
572 1561 647 1609 vgl.
668 1562 743 1598 Cic.
765 1562 861 1597 Mur.

176 1613 223 1648 58
248 1612 295 1647 P.
321 1610 548 1655 Africanus
572 1610 672 1646 duos
698 1615 865 1646 terrores

178 1659 300 1696 huius
350 1658 528 1705 imperii,
582 1658 865 1703 Carthaqinem

173 1707 533 1752 Numantiamque,
559 1706 764 1747 deleverat,
786 1705 866 1740 und

178 1755 225 1791 de
238 1754 304 1791 off.
324 1755 356 1796 1,
372 1756 418 1790 38
433 1766 522 1791 cum
538 1754 760 1795 Celtiberis,
777 1765 866 1790 cum

181 1802 355 1840 Cimbris
394 1802 538 1839 bellum
573 1829 580 1837 .
618 1829 627 1838 .
663 1802 868 1847 yerebatur

179 1856 267 1887 uter
290 1855 400 1892 esset,
424 1862 507 1887 non
528 1854 616 1886 uter
639 1850 865 1895 imperaret.

179 1897 371 1935 Wahrend
389 1897 509 1934 dieser
526 1898 760 1945 Belagerung
778 1898 867 1934 kam

180 1946 367 1993 Iugurtha
382 1946 423 1981 in
440 1945 509 1981 das
526 1945 627 1981 Heer
644 1945 710 1982 des
731 1946 865 1991 Scipio.

228 1995 262 2030 4.
297 1994 510 2031 Romanis:
543 1994 609 2029 der
639 1994 760 2029 Dativ
792 2004 869 2029 von

181 2042 266 2077 dem
278 2041 546 2077 verbundenen
558 2041 775 2086 imperator
786 2046 870 2077 erat

182 2089 309 2126 abban
335 2090 386 2135 'g3
415 2089 490 2136 vgl.
522 2090 578 2131 10,
607 2091 630 2124 5
658 2089 795 2125 hostis.

228 2149 291 2174 mo
321 2137 546 2173 estissume:
562 2137 599 2172 d.
616 2137 654 2172 h.
672 2138 745 2172 mit
759 2140 868 2183 ganz-

182 2184 299 2220 licher
325 2184 598 2231 Entsusserung
624 2184 690 2220 des
716 2185 870 2231 eigenen

182 2232 353 2273 Willens;
382 2232 457 2279 vgl.
485 2233 559 2269 Cic.
589 2232 635 2267 de
662 2232 755 2279 legg.
785 2233 819 2273 3,
847 2233 870 2266 5

185 2279 256 2327 qui
280 2279 449 2316 modeste
475 2285 589 2325 paret
617 2279 775 2316 videtur
801 2279 871 2326 qui

184 2327 402 2374 aliquando
423 2328 589 2373 imperet
607 2327 755 2372 digmus
774 2339 869 2363 esse.

183 2395 232 2401 --
253 2374 386 2411 Diescr
407 2374 486 2411 und
509 2375 570 2411 die
592 2376 751 2422 iibrigen
774 2375 874 2421 Ziige

186 2433 254 2458 aus
294 2422 499 2469 Iugurthas
539 2423 874 2470 Handlungsweise

186 2481 311 2506 waren
340 2482 435 2517 ganz
463 2470 560 2505 nach
593 2471 736 2517 Scipios
767 2470 873 2512 Sinn,

187 2517 319 2554 descen
349 2518 505 2565 Strenge
531 2519 571 2553 in
598 2518 664 2554 der
690 2518 876 2563 Disziplin

188 2564 323 2612 geradc
365 2565 426 2601 bei
469 2565 589 2601 dieser
635 2566 877 2612 Gelegenheit

188 2623 265 2649 von
291 2612 422 2649 Livius
450 2613 562 2658 (nach
590 2613 692 2660 Epit.
722 2615 785 2659 57)
812 2613 874 2648 be-

931 1516 1050 1548 erster
1076 1511 1210 1547 Grfisse’
1238 1511 1397 1555 (Kritz);
1423 1516 1530 1547 sonstv
1553 1524 1625 1548 nur

932 1561 1032 1596 beim
1056 1560 1203 1595 Positiv
1227 1559 1296 1594 wie
1320 1561 1354 1600 4,
1383 1560 1418 1599 1;
1445 1560 1520 1606 vgl.
1547 1561 1621 1596 Cic.

931 1609 1079 1645 Cluent.
1114 1608 1182 1643 165
1209 1606 1444 1643 adulescens
1472 1608 1621 1652 puden-

936 1656 1120 1693 tissimus
1138 1660 1174 1690 et
1192 1655 1238 1690 in
1254 1654 1404 1700 primis
1422 1654 1621 1692 honestus.

982 1715 1148 1750 quorum
1162 1703 1332 1739 alterum
1345 1714 1453 1737 usw.:
1477 1703 1626 1739 6111115111ν

935 1752 1010 1787 den
1063 1750 1195 1787 Grund
1246 1761 1292 1785 zu
1343 1750 1526 1794 difficile.
1580 1752 1623 1786 in

935 1799 1103 1846 primis:
1129 1799 1189 1834 die
1215 1798 1506 1844 Doppelglieder
1531 1799 1624 1834 alte-

936 1859 1026 1884 rum
1069 1866 1117 1872 —-
1161 1847 1332 1883 alterum
1376 1846 1496 1881 selbst
1539 1847 1625 1882 sind

936 1894 1187 1941 anaphorisch
1208 1893 1363 1942 gereiht‚
1386 1894 1476 1929 aber
1495 1894 1627 1930 stehen

935 1946 976 1980 in
1009 1943 1207 1979 Chiasmus
1241 1942 1313 1977 mit
1345 1941 1431 1977 dem
1467 1942 1625 1978 Vorher-

938 1990 1144 2038 gehenden‚
1170 2002 1227 2025 wo
1254 1989 1416 2025 dieselbe
1442 1990 1556 2036 Figur
1581 2002 1625 2025 zu

938 2038 1136 2075 beachten.

986 2086 1179 2122 audacia:
1196 2085 1278 2120 hier
1293 2086 1344 2119 im
1363 2088 1480 2130 guten
1500 2085 1624 2121 Sinne.

940 2135 1033 2171 Zum
1054 2133 1260 2170 Gedanken
1277 2132 1352 2179 vgl.
1372 2132 1494 2167 Thuk.
1515 2134 1549 2174 2,
1568 2135 1626 2174 40,

939 2185 978 2218 3:
1025 2181 1289 2228 διαφερόντως
1332 2179 1381 2226 δὴ
1428 2180 1494 2216 καὶ
1537 2180 1628 2217 τόδε

939 2231 1080 2277 ἔχομεν
1135 2229 1236 2265 ὥστε
1292 2229 1437 2273 τολμᾶν
1492 2240 1535 2263 τε
1591 2228 1628 2264 οἱ

942 2277 1054 2315 αὐτοὶ
1104 2277 1274 2324 μάλιστα
1324 2276 1389 2312 καὶ
1440 2275 1527 2321 περὶ
1577 2276 1629 2312 ὧν

942 2325 1242 2373 ἐπιχειρήσομεν
1269 2322 1565 2369 ἐκλογίζεσθαι·
1608 2325 1629 2359 ὃ

943 2375 998 2418 (=
1017 2372 1234 2420 'wogegen')
1247 2373 1328 2414 τοῖς
1338 2372 1471 2413 ἄλλοις
1485 2370 1631 2417 ἀμαθία

946 2421 1014 2468 μὲν
1043 2421 1197 2467 θράσος,
1224 2419 1417 2466 λογισμὸς
1445 2418 1488 2454 δὲ
1515 2418 1631 2454 ὄκνον

949 2469 1067 2516 φέρει.

991 2519 1014 2552 6
1038 2515 1287 2563 ᾳαὺρρεεωίῒ,
1300 2514 1560 2559 Relativpron.
1573 2513 1631 2548 bei
1695 2532 1696 2537 =

948 2543 1034 2601 Sali.
1046 2563 1207 2599 honeste
1214 2561 1631 2608 Begrfindungsformeh

946 2612 1023 2647 und
1060 2622 1158 2647 zwar
1190 2614 1286 2646 stets
1319 2611 1391 2645 mit
1424 2608 1630 2644 Iudikativ.
