1696 2820
92 816 143 854 55

163 94 218 139 78
625 90 666 129 0.
693 87 946 130 SALLV'STI
969 89 1138 129 ORISPI

121 221 140 248 s
164 223 290 263 quam
302 209 502 264 proelium
515 209 621 251 male
634 214 865 264 pugnatum
879 209 932 251 ab
946 209 1030 251 suis
1042 223 1178 264 regem
1191 209 1417 252 terrebant:
1433 208 1597 263 quippe,

163 269 278 311 cuius
299 282 391 323 spes
413 269 545 311 omnis
566 269 610 310 in
630 270 729 323 fuga
749 269 830 310 sita
850 274 951 319 erat,
975 269 1091 323 sequi
1111 269 1333 323 cogebatur
1353 274 1409 318 et,
1433 269 1504 322 qui
1524 282 1599 310 sua

121 341 142 367 ο
162 329 252 370 loca
270 329 492 371 ‘defendere
516 329 770 382 nequiverat,
794 329 838 370 in
861 329 1002 370 alienis
1025 329 1177 371 bellum
1199 342 1346 382 gerere.
1386 334 1526 370 tamen
1549 341 1600 369 ex

165 389 283 443 eopia
318 389 429 443 quod
463 394 680 443 optumum
713 388 933 430 videbatur
967 389 1180 430 eonsilium
1213 389 1340 442 capit:
1377 387 1600 429 exercitum

163 449 402 503 plerumque
437 449 480 489 in
514 448 644 490 isdem
677 449 776 490 loeis
810 448 988 502 opperiri
1021 448 1147 498 iubet,
1184 448 1269 502 ipse
1305 461 1399 489 cum
1434 447 1599 489 delectis

163 508 370 563 equitibus
412 508 621 550 Metellum
662 508 847 562 sequitur
854 522 863 556 ;
908 508 1118 549 nocturnis
1159 513 1202 549 et
1243 508 1345 548 aviis
1387 507 1600 548 itineribus

158 567 368 622 ignoratus
379 569 588 609 Romanos
606 567 784 622 palantis
802 572 969 621 repente
987 567 1232 621 aggreditur.
1261 581 1401 608 eorum
1420 566 1599 620 plerique

103 638 142 666 ιο
159 628 332 669 inermes
360 628 527 677 cadunt,
556 628 677 669 multi
703 627 935 681 capiuntur,
965 640 1085 668 nemo
1113 627 1295 668 omnium
1312 627 1492 667 intactus
1509 640 1600 679 pro-

163 687 282 741 fugit,
309 693 352 729 et
377 688 593 737 Numidae,
621 687 733 741 prius
759 700 884 740 quam
909 701 960 727 ex
985 686 1129 727 eastris
1155 686 1454 735 subveniretur,
1481 686 1602 727 sicuti

165 747 264 788 iussi
291 753 420 797 erant,
449 746 494 787 in
520 761 742 800 proxumos
769 746 881 788 collis
908 746 1135 787 discedunt.

270 813 443 854 Interim
477 813 633 854 Romae
669 812 863 866 gaudium
896 811 1037 865 ingens
1072 817 1210 852 ortum
1244 811 1417 865 cognitis
1450 810 1603 852 Metelli

164 872 298 922 rebus,
332 878 382 914 ut
413 886 536 926 seque
569 878 611 913 et
643 872 868 913 exereitum
900 885 1012 913 more
1044 871 1245 912 maiorum
1278 876 1446 924 gereret,
1480 875 1529 911 ut
1560 869 1603 910 in

165 933 340 974 advorso
359 932 449 974 loco
469 932 602 973 victor
621 937 762 973 tamen
781 931 936 972 virtute
957 931 1113 980 fuisset,
1136 930 1316 972 hostium
1336 944 1432 984 agro
1453 929 1602 983 potire-

164 997 247 1042 tur,
275 992 532 1045 Iugurtham,
561 991 826 1045 magnificum
853 1005 904 1032 ex
930 991 1069 1031 Albini
1095 991 1290 1040 socordia,
1319 1004 1434 1043 spem
1460 989 1603 1030 salutis

112 1101 114 1105 y
164 1052 208 1093 in
232 1051 452 1093 solitudine
477 1056 551 1092 aut
575 1051 673 1104 fuga
697 1050 894 1104 coegisset
918 1050 1080 1092 habere.
1121 1051 1260 1103 itaque
1286 1056 1452 1091 senatus
1478 1049 1531 1090 ob
1555 1062 1604 1089 ea

123 1122 143 1149 2
164 1110 337 1153 feliciter
382 1116 477 1153 acta
522 1111 584 1151 dis
630 1110 915 1152 inmortalibus
946 1110 1145 1163 supplicia
1173 1110 1409 1158 decernere,
1458 1108 1604 1149 civitas

164 1171 327 1224 trepida
345 1177 469 1212 antea
487 1176 529 1212 et
547 1171 721 1212 sollicita
739 1170 789 1211 de
808 1170 903 1211 belli
921 1177 1073 1211 eventu
1090 1170 1201 1211 laeta
1220 1183 1350 1223 agere,
1371 1169 1422 1210 de
1440 1168 1604 1210 Metello

164 1231 277 1271 fama
301 1230 509 1284 praeclara
535 1245 633 1272 esse.

269 1296 402 1350 Igitur
421 1311 468 1338 eo
488 1295 685 1337 intentior
704 1295 758 1335 ad
777 1292 994 1336 victoriam
1014 1295 1108 1343 niti3
1131 1294 1320 1335 omnibus
1341 1293 1472 1334 modis
1492 1292 1602 1333 festi-

166 1369 275 1406 nare,
299 1369 442 1397 cavere
463 1362 617 1405 tamen,
642 1355 787 1396 necubi
808 1354 917 1396 hosti
937 1360 1192 1408 opportunus
1212 1354 1347 1395 fieret:
1375 1352 1604 1394 meminisse

126 1428 144 1454 4
169 1421 262 1469 post
291 1415 461 1469 gloriam
489 1415 688 1456 invidiam
717 1415 843 1468 sequi.
890 1415 950 1455 ita
980 1428 1061 1468 quo
1092 1414 1236 1455 clarior
1265 1419 1367 1463 erat,
1399 1428 1446 1454 eo
1477 1412 1604 1465 magis

209 1533 244 1567 8.
290 1530 459 1577 quippe:
502 1530 611 1566 fiihrt
652 1530 732 1565 hier
776 1529 849 1565 den

161 1578 380 1626 Hauptsatz
404 1579 478 1614 ein.

209 1643 285 1668 sua
316 1632 420 1669 loca:
451 1648 490 1662 ε
527 1631 671 1668 idonea
702 1635 737 1666 et
767 1631 849 1666 sibi

161 1685 389 1727 opportuna
404 1679 489 1716 loca
494 1691 508 1721 ‚·
521 1679 686 1715 naohher
698 1678 850 1715 alienis

161 1728 230 1764 das
264 1727 470 1775 Gegenteil.

207 1781 433 1827 defendere:
451 1783 643 1828 pregnant
658 1780 752 1815 ‘sich
770 1779 848 1815 hal-

162 1829 256 1872 ten';
333 1828 633 1876 demgegeniiber
705 1827 849 1864 bellum

160 1888 289 1924 yerere
321 1877 603 1924 ‘angriffsweise
635 1875 847 1922 vorgehen’.

207 1926 242 1962 9.
271 1936 321 1961 ex
346 1925 483 1971 copia:
509 1936 556 1960 zu
581 1924 640 1966 39,
667 1926 701 1959 5.

206 1973 456 2020 plerumque:
494 1972 577 2008 ‘das
618 1971 744 2013 Gros';
784 1970 850 2006 der

162 2020 264 2068 Sing.
315 2020 436 2057 dieses
485 2020 572 2066 Adj.
626 2018 850 2065 (abgesehen

159 2077 237 2105 von
257 2068 368 2105 Nom.
397 2070 542 2113 masc.),
577 2067 740 2114 bezogen
766 2065 850 2102 auis

162 2116 289 2153 Subst.
303 2117 376 2152 mit
386 2116 598 2152 Kollektiv·
611 2115 702 2152 oder
714 2115 850 2150 Reum·

159 2163 308 2248 mffffl’
329 2164 514 2211 begegnet
533 2163 594 2200 bei
618 2163 705 2200 Sall.
728 2162 847 2198 mehr-

159 2222 198 2248 m
237 2223 267 2248 s·

206 2265 433 2311 immoratus:
476 2263 719 2300 ‘unbemerkt
760 2274 818 2310 ge·

158 2312 333 2349 blieben’.

205 2366 268 2403 55.
298 2367 328 2402 1.
360 2366 575 2402 exercitum
604 2392 612 2401 .
644 2392 652 2400 .
683 2368 844 2411 yereree:

156 2413 351 2450 ahnliohes
393 2414 557 2460 Zeugma
598 2414 666 2448 wie
707 2414 767 2453 46,
810 2413 845 2454 8,

157 2461 255 2498 doeh
279 2462 420 2504 harter,
446 2461 496 2497 da
519 2461 587 2496 das
612 2472 684 2495 nur
707 2459 844 2495 mittel-

158 2509 227 2545 bar
262 2509 447 2556 bezogene
484 2509 569 2553 obj.
608 2509 695 2543 dem
731 2506 843 2544 Verb.

157 2557 276 2592 nahor
315 2557 430 2597 steht,
473 2556 542 2591 das
585 2556 732 2591 iibliohe
775 2556 846 2599 (se)

156 2606 380 2642 entfernter.

967 1528 1013 1564 in
1028 1527 1194 1564 advorso
1211 1527 1311 1564 loco:
1327 1528 1484 1563 vertritt
1498 1527 1605 1577 einen

918 1575 1222 1612 Konzessivsatz.

964 1629 1248 1674 maqnijicum:
1280 1639 1326 1663 zu
1358 1628 1416 1669 31,
1454 1629 1508 1663 10.

965 1682 999 1718 2.
1028 1682 1254 1728 supplicia:
1280 1680 1492 1717 ‘Dankfest'
1522 1680 1604 1725 (das

918 1729 978 1765 bei
1013 1729 1088 1765 Cic.
1126 1729 1204 1764 und
1240 1729 1323 1765 Cas.
1362 1728 1510 1764 iibliehe
1546 1727 1603 1764 W.

917 1778 970 1813 ist
1006 1777 1283 1823 supplicatio),
1323 1775 1529 1812 bestehend
1566 1777 1606 1811 in

918 1825 1132 1861 feierliohen
1147 1824 1290 1871 Opfern
1304 1824 1383 1860 und
1398 1823 1605 1870 Aufzsxgen,

919 1872 1139 1908 verbunden
1170 1874 1243 1908 mit
1273 1872 1511 1918 Einstellung
1541 1870 1607 1907 der

919 1921 1053 1956 Arbeit
1075 1920 1154 1956 und
1176 1920 1243 1956 der
1265 1919 1511 1956 oflentliohen
1537 1918 1604 1955 Ge-

918 1968 1080 2009 sehiiftm
1129 1969 1184 2004 sie
1230 1968 1414 2004 dauerten
1460 1967 1607 2003 damals

919 2016 1121 2053 hochstens
1145 2015 1231 2052 fiinf
1255 2016 1367 2063 Tage.

968 2069 1072 2105 laeta
1104 2080 1236 2115 aqere:
1269 2069 1330 2105 die
1363 2067 1608 2113 Verbindung

919 2116 984 2152 des
1019 2117 1171 2153 absolut
1203 2116 1459 2163 gebrauchten
1493 2115 1605 2152 Verb.

918 2176 1030 2210 aqere
1071 2167 1143 2201 mit
1179 2166 1300 2201 einem
1339 2164 1607 2211 predikativen

917 2213 1004 2258 Adj.
1049 2214 1101 2248 im
1147 2212 1261 2249 Sinne
1303 2213 1404 2248 eines
1447 2212 1606 2258 tatigen,

917 2262 989 2296 mir
1033 2260 1122 2297 bloss
1167 2260 1453 2297 zustiindliohen
1501 2260 1608 2295 Seius

915 2309 968 2344 ist
987 2309 1075 2345 Sall.
1093 2308 1377 2354 eigentiimlich3
1397 2307 1477 2343 hier
1493 2306 1607 2342 ‘lebte

914 2356 980 2392 der
1005 2356 1173 2393 Freude'.

964 2411 997 2445 3.
1024 2415 1114 2455 post
1139 2436 1148 2445 .
1176 2437 1184 2445 .
1213 2437 1222 2445 .

916 2458 970 2492 ist
1002 2461 1216 2504 ausgesetzt
1250 2468 1316 2492 zur
1350 2454 1604 2494 Veransehau-

915 2505 1068 2552 liehung
1106 2505 1171 2541 des
1210 2502 1395 2540 ortliohen
1434 2502 1605 2538 Verhfilt-

917 2554 1035 2588 nisses
1070 2554 1138 2588 wie
1173 2564 1239 2588 zur
1273 2551 1497 2596 Vorhiitung
1531 2550 1605 2595 jeg-

918 2601 1040 2636 lichen
1066 2598 1457 2636 Missvorsuindnisses.

1250 2408 1383 2455 sequi:
1408 2407 1468 2443 die
1493 2407 1604 2452 Priip.
