1696 2820
112 0 114 2 ’
136 0 138 2 ’
178 0 318 29 ‚23922-3...
344 1 346 3 >
392 4 395 17 ,¹
426 0 503 25 >⁷³2⁸'
539 0 548 2 -v
572 15 574 18 y
612 20 625 24 ..
642 6 648 10 .
663 0 684 16 ψ,
700 0 731 25 '⁵3
751 0 859 26 'mangi
884 9 890 23 ¹.
977 0 1037 17 ura»
1056 0 1062 10 ÷=
1079 0 1094 22 4-
1114 0 1166 17 qa*
1198 0 1211 12 1

463 26 466 30 .
722 31 724 34 y
792 32 797 35 .
868 26 882 33 ,l
935 21 942 23 »
1131 19 1143 27 .«

355 141 430 180 mr
450 102 1007 181 Bffl'lrornrnmb.'
1032 136 1077 175 c,
1101 138 1203 175 με).
1443 139 1491 182 11

58 263 195 304 silium
213 274 343 315 neque
359 261 568 315 inceptum
584 258 713 300 ullum
727 257 881 299 frustra
896 260 997 298 erat.
1031 254 1110 296 huc
1127 253 1352 296 accedebat
1365 254 1498 294 muni-
1526 264 1544 290 τ

59 322 228 363 {inentia
258 320 387 363 animi
415 322 460 360 et
488 316 627 371 ingeni
655 316 848 365 sollertia,
882 316 975 369 quis
1004 314 1128 356 rebus
1156 313 1236 355 sibi
1266 312 1419 353 multos
1449 326 1501 353 ex

60 382 260 423 Romanis
276 378 469 421 familiari
485 377 668 419 amicitia
683 377 967 418 coniunxerat.
999 387 1049 416 ea
1066 377 1312 427 tempestate
1329 372 1374 413 in
1390 385 1502 413 exer·
1526 373 1552 411 S

59 442 147 483 citu
167 445 307 482 nostro
326 438 439 480 fuere
458 437 687 490 complures
707 436 806 476 novi
826 440 951 488 atque
971 433 1142 482 nobiles,
1163 430 1504 486 quibus0divitiae

61 501 171 542 bono
195 499 447 551 honestoque
472 498 653 550 potiores
678 500 808 543 erant,
835 494 1000 535 factiosi
1024 492 1151 542 domi,
1177 497 1374 546 potentes>
1393 490 1504 545 apud

61 560 203 607 socios,
221 558 321 599 clari
338 557 468 610 magis
484 569 609 609 quam
627 555 808 602 honesti3
829 554 899 607 qui
917 553 1140 606 Iugurthae
1158 565 1243 593 non
1259 550 1506 592 mediocrem

62 620 245 662 animum
276 614 542 671 pollicitando
575 613 867 662 accendebant,
900 614 936 654 si
966 613 1138 666 Micipsa
1170 625 1245 652 rex
1277 609 1503 658 occidisset,
1566 621 1572 626 ·

61 679 149 720 iore
177 678 242 719 uti
269 677 378 718 solus
405 676 554 729 imperi
581 673 802 715 Numidiae
829 674 1049 726 potiretur:
1079 672 1124 712 in
1150 671 1240 725 ipso
1269 682 1506 710 maxumam

60 739 274 785 virtutem,
295 736 452 777 Romae
471 735 612 776 omnia
631 734 793 775 venalia
812 747 911 773 esse.
945 731 1018 773 sed
1036 737 1258 785 postquam
1276 728 1506 771 Numantia

62 797 198 839 deleta
223 797 270 837 P.
301 796 436 848 Scipio
463 794 674 836 dimittere
700 792 855 834 auxilia
881 797 924 833 et
948 793 1036 845 ipse
1062 791 1218 831 revorti
1244 789 1413 831 domum
1438 787 1506 829 de·

63 858 207 904 crevit,
227 855 427 897 donatum
446 860 570 908 atque
587 853 802 894 laudatum
821 851 1039 904 magnifiee
1058 864 1133 904 pro
1151 850 1346 891 contione
1363 849 1506 901 Iugur-

64 918 180 958 tham
203 917 248 957 in
270 915 526 968 praetorium
550 912 725 954 abduxit
749 912 887 964 ibique
912 916 1069 952 secreto
1094 910 1270 958 monuit,
1295 913 1345 949 ut
1368 908 1507 962 potius

64 976 224 1030 publice
251 987 375 1028 quam
401 973 598 1027 privatim
625 972 850 1013 amicitiam
875 970 1017 1025 populi
1043 969 1224 1011 Romani
1249 969 1402 1010 coleret
1428 980 1509 1007 neu

64 1034 213 1090 quibus
232 1034 372 1086 largiri
389 1034 654 1074 insuesceret:
676 1032 900 1086 periculose
922 1044 947 1071 a
966 1030 1108 1084 paucis
1129 1029 1210 1070 emi
1230 1027 1342 1081 quod
1361 1026 1508 1068 multo-

65 1109 157 1136 rum
178 1099 299 1134 esset:
322 1094 358 1134 si
379 1106 617 1146 permanere
640 1092 764 1132 vellet
785 1092 829 1131 in
849 1091 934 1131 suis
956 1089 1127 1137 artibus,
1150 1088 1261 1130 ultro
1281 1087 1342 1128 illi
1362 1093 1406 1128 et
1427 1086 1509 1140 glo·

65 1156 170 1195 riam
195 1159 237 1194 et
262 1165 432 1206 regnum
457 1158 697 1200 venturum;
723 1152 789 1192 sin
812 1150 1099 1203 properantius
1123 1152 1323 1202 pergeret,
1349 1151 1510 1187 suamet

65 1215 200 1267 ipsum
226 1212 401 1266 pecunia
427 1212 695 1265 praecipitem
722 1223 924 1252 casurum.
968 1210 1026 1250 sic
1052 1209 1214 1249 loeutus
1241 1220 1335 1248 cum
1360 1206 1511 1247 litteris

67 1287 173 1322 eum,
204 1285 306 1324 quas
335 1271 528 1324 Micipsae
557 1270 760 1319 redderet,
792 1269 963 1310 dimisit.
1010 1281 1151 1309 earum
1180 1267 1387 1308 sententia
1414 1265 1516 1306 haec
1540 1275 1559 1300 2

68 1339 172 1374 erat:
209 1330 446 1384 ‘Iugurthae
479 1331 543 1371 tui
573 1330 680 1371 bello
713 1329 970 1370 Numantino
1001 1328 1119 1381 longe
1152 1339 1347 1367 maxuma
1378 1325 1513 1366 virtus

69 1392 162 1440 fuit,
191 1404 316 1444 quam
343 1403 429 1430 rem
457 1389 536 1430 tibi
563 1395 676 1430 certo
703 1390 788 1430 scio
816 1387 966 1442 gaudio
990 1379 1092 1428 'esse
1137 1385 1255 1427 nobis
1283 1385 1336 1426 ob
1363 1385 1514 1426 merita

69 1464 143 1492 sua
166 1463 285 1492 carus
307 1454 390 1497 est;
413 1454 462 1490 ut
484 1448 594 1490 idem
617 1449 782 1490 senatui
805 1454 847 1489 et
869 1446 1023 1501 populo
1046 1447 1236 1486 Romano
1259 1446 1327 1494 sit,
1352 1457 1514 1485 summa

118 1553 271 1596 fnestra
316 1556 419 1586 erat:
464 1550 610 1597 ‘schlug
654 1551 757 1587 lehl’.
877 1550 910 1585 2.

953 1560 1026 1594 pro
1068 1549 1267 1585 comicme:
1313 1550 1414 1583 statt
1450 1547 1518 1583 der

71 1601 147 1636 Der
162 1598 490 1635 Verbalausdruck
506 1599 660 1642 frustra
677 1610 760 1635 esse

829 1596 1006 1633 fiblichen
1037 1597 1084 1632 in
1115 1601 1214 1633 cont.

70 1650 124 1684 ist
167 1646 235 1683 der
283 1646 373 1683 Sall.
425 1646 591 1692 Sprache
638 1648 759 1693 eigen-

72 1695 244 1735 tiimlich,
284 1694 363 1729 und
402 1705 502 1730 zwar
539 1694 653 1730 meist
691 1696 763 1730 mit

71 1742 299 1779 saohlichem
325 1741 432 1785 Subi.

122 1793 156 1826 7.
194 1790 286 1836 quis
322 1789 456 1825 rebus:
492 1788 667 1825 wechselt
703 1789 760 1824 bei

79 1838 168 1875 Sall.
197 1839 269 1873 mit
294 1837 440 1883 quibus
466 1837 593 1872 rebus.

125 1886 161 1921 S.
199 1886 229 1920 1.
266 1885 379 1921 novi.-
412 1884 479 1919 der
511 1885 612 1921 Plur.
649 1896 762 1920 masc.

74 1933 194 1968 dieses
211 1931 298 1976 Adi.
317 1931 372 1967 als
388 1932 607 1978 politischer
623 1932 766 1979 Begriff

73 1980 378 2021 substantiviert,
401 1980 470 2015 wie
493 1979 553 2015 bei
580 1980 667 2016 Sall.
691 1984 764 2015 ste·

74 2027 174 2064 bend
210 2027 375 2068 nobiles,
415 2027 494 2062 und
529 2027 611 2063 hier
644 2027 768 2063 damit

75 2074 309 2116 verbunden,
353 2074 443 2110 aber
485 2075 601 2110 ausser
642 2075 763 2110 dieser

76 2122 325 2168 Verbindung
340 2122 477 2163 seltem
502 2121 669 2168 dagegen
686 2125 721 2164 4,
740 2125 761 2157 7

76 2171 255 2207 homines
286 2170 393 2206 novi.

125 2218 305 2263 factiosi:
350 2216 636 2258 'einflussreich’‚
682 2229 761 2252 ver·

76 2265 241 2302 mittelst
284 2264 352 2300 der
396 2265 533 2309 factio,
580 2264 646 2300 des
690 2265 762 2312 ‘ge-

76 2312 315 2349 schlossenen
344 2311 549 2358 Anhangs‘.

125 2365 319 2407 potentes:
346 2359 604 2405 ‘allmttchfigss
634 2371 762 2406 gegen-

79 2408 171 2444 fiber
208 2408 282 2443 den
317 2407 609 2453 ohnmiichtigen
648 2408 760 2443 socii.

129 2467 208 2491 non
244 2454 496 2492 mediocrem:
533 2456 604 2490 mit
639 2455 762 2490 Beu‘e-

80 2502 183 2549 hung
209 2502 275 2538 auf
302 2504 336 2544 6,
355 2504 378 2539 3
403 2502 617 2539 mediocres
644 2503 762 2539 viros.

129 2550 292 2595 imperi:
334 2550 422 2586 Sall.
460 2549 663 2586 verbindet
696 2549 765 2585 das

82 2596 156 2679 Vbt
170 2598 296 2681 {ogit-i
326 2597 416 2633 bald
441 2599 513 2633 mit
539 2597 647 2637 Gen..
675 2596 764 2632 bald

84 2654 135 2680 1111

1247 1595 1410 1642 gewiihlt
1446 1596 1520 1631 mit

830 1643 1042 1681 Rficksicht
1069 1643 1135 1679 auf
1163 1644 1232 1679 das
1260 1643 1364 1690 Folg.

878 1693 1055 1738 publice:
1074 1691 1194 1727 durch
1213 1691 1434 1727 Verdienste
1452 1701 1518 1726 um

831 1741 905 1776 den
924 1739 1134 1776 romischen
1157 1739 1284 1781 Staat;
1304 1739 1444 1774 dar-aus
1462 1750 1517 1774 er-

833 1788 916 1835 gibt
926 1787 1019 1829 sich,
1031 1798 1108 1823 was
1120 1787 1315 1833 privatim
1326 1786 1518 1823 bedentet.

879 1836 1113 1872 multorum:
1151 1834 1317 1871 niimlich
1355 1834 1422 1870 des
1459 1845 1518 1880 ge-

833 1887 982 1919 aamten
1007 1883 1157 1919 Volkes.

882 1931 1168 1977 properantius
1179 1935 1372 1976 pergeret:
1382 1928 1520 1976 euphe-

835 1978 1018 2021 mistiseh,
1045 1980 1097 2014 im
1127 1978 1336 2023 Gegensatz
1361 1988 1409 2013 zu
1433 1987 1519 2023 per-

834 2038 993 2063 manere
1031 2026 1144 2062 vellet
1182 2026 1227 2061 in
1263 2025 1354 2061 suia
1390 2023 1443 2068 (d.
1481 2023 1518 2059 h.

836 2074 967 2118 bonis)
994 2074 1162 2115 artibus,
1188 2072 1251 2108 ffu-
1274 2072 1398 2109 malis
1423 2072 1520 2108 arti·

832 2123 917 2163 bus,
932 2122 1007 2168 vgl.
1028 2123 1084 2162 15,
1104 2121 1120 2155 l
1138 2131 1187 2156 ne
1203 2132 1244 2156 se
1258 2121 1389 2157 alium
1403 2125 1520 2166 puta-

835 2175 931 2205 rent.

881 2218 919 2253 9.
939 2217 972 2252 2.
995 2221 1040 2252 ut
1060 2243 1069 2251 .
1093 2242 1101 2251 .
1124 2216 1197 2251 eit:
1215 2227 1266 2251 sc.
1289 2226 1426 2255 canas:
1452 2215 1526 2250 mit

835 2264 940 2300 idem
974 2266 1028 2308 (=
1068 2262 1294 2307 ‘ebenfalls')
1327 2262 1421 2298 wird
1454 2262 1524 2297 das

836 2312 942 2356 Subj.
976 2310 1209 2352 wiederholt,
1242 2310 1376 2346 dessen
1407 2313 1525 2346 etwas

834 2371 960 2400 neuoe,
976 2359 1058 2394 hier
1070 2360 1112 2394 in
1125 2358 1212 2394 dem
1227 2359 1348 2394 Dativ
1363 2357 1526 2394 senatui

833 2413 870 2443 et
906 2419 952 2489 ἔ.
994 2407 1044 2444 R.
1085 2406 1296 2447 enthalten,
1339 2405 1527 2452 beigelegt

834 2466 904 2490 wir
934 2482 943 2488 .

882 2502 1012 2546 Zonqe:
1042 2501 1103 2536 die
1133 2501 1275 2547 einzige
1310 2500 1437 2541 Stelle‚
1467 2511 1524 2535 wo

836 2549 923 2586 Sall.
955 2548 1016 2583 die
1046 2548 1105 2583 bei
1134 2549 1209 2584 Cic.
1242 2547 1405 2589 iibliche,
1435 2547 1527 2582 aber

834 2596 968 2644 gerade
1001 2597 1041 2631 in
1074 2596 1142 2631 der
1173 2595 1343 2631 Verbind
1453 2595 1528 2630 mit

832 2655 1047 2681 maxumus
1084 2643 1193 2679 nicht
1229 2643 1394 2691 durchge
1416 2643 1433 2651 '‘
1487 2645 1525 2677 te
