1696 2820
185 81 305 127 vm
561 73 566 76 ’
645 79 770 117 ems
793 59 1177 131 sALms'rver.

174 197 352 240 'delitias
394 203 496 254 atqg
534 211 752 239 secessum:
794 211 901 251 usqg
938 196 1000 238 ‘ad
1039 201 1232 239 exactam
1263 201 1419 239 etatem
1450 198 1632 240 libidinis

188 257 336 300 avidus
369 262 414 300 et
444 261 608 311 potens:
643 257 687 298 in
720 256 914 298 Amicitia
946 256 1086 298 varius
1119 261 1164 298 et
1195 255 1448 298 inconstans:
1487 257 1632 311 Sepius

187 321 302 360 nme
318 316 447 358 livido
467 316 591 358 dente
610 317 846 358 momordit:
869 315 1037 356 habitus
1057 321 1121 357 est
1139 329 1210 357 ore
1228 315 1416 370 improbo
1438 318 1473 358 δε
1494 318 1634 359 animo

163 416 166 420 .
187 376 478 419 inverecundo:
516 376 649 416 manis
685 379 844 428 [manes
869 390 969 418 corr.
1000 391 1053 420 m.
1084 377 1179 428 rea]
1203 375 1373 428 Pompei
1398 376 1537 429 Magni
1561 391 1632 418 ex·

125 446 165 475 1⁵
187 435 376 478 istimans
396 436 473 477 hac
498 435 568 475 via
588 449 630 476 se
651 435 814 477 Caesari
839 434 1060 488 gratiorem
1086 435 1173 476 fore
1197 435 1375 476 lacerare
1403 449 1526 476 ausus
1551 441 1631 477 est:

186 495 298 537 unde
323 496 366 536 in
394 494 617 549 Sallustiug
643 495 829 536 Laeneus
860 494 1025 547 pompei
1049 495 1220 535 libertus
1246 494 1408 547 scripsit
1445 508 1632 551 moresqg

188 554 275 597 eius
291 555 498 608 sigillatim
515 554 656 607 paucis
671 554 883 595 vocabulis
899 554 1114 607 expressit:
1132 554 1389 595 Nebulonem
1405 554 1634 596 Lurconem

186 614 450 668 popinionem
466 620 509 655 et
523 614 751 654 lastaurum
768 613 978 667 appellans
988 612 1000 669 Η
1011 616 1111 666 [vox
1126 619 1335 666 postrema
1344 613 1500 654 indicat
1510 614 1634 655 fuisse

187 673 395 715 hominem
429 674 591 714 validae
626 673 838 725 libidinis]:
879 673 1050 725 Scripsit
1085 673 1180 713 stilo
1207 687 1291 714 non
1326 673 1571 714 abhorrente
1609 687 1635 714 a

187 733 396 774 veteribus
425 738 572 774 extant
600 732 850 774 coniuratio.
897 732 1098 774 Catilinae
1128 733 1163 774 ἀ
1192 732 1343 773 bellum
1365 731 1634 786 Jugurtinum

123 801 166 830 20
190 793 225 834 ἃ,
241 792 417 846 quedam
433 792 669 834 concionem
682 795 787 844 [-nes
801 809 898 836 corr.
912 808 963 835 m.
976 795 1071 845 recu]
1081 792 1217 833 elibris
1232 792 1430 832 bellorum
1442 792 1632 847 Oiviliug.

185 857 237 894 ut
269 857 426 893 secreta
458 851 611 893 inimici
644 852 935 907 intellegere<t>
967 851 1201 894 Terentiam
1236 866 1261 891 a
1288 851 1479 893 Cicerone
1513 866 1632 905 repu-

188 922 346 964 diatam
369 922 490 964 duxit
512 913 652 965 uxofe'
664 928 707 962 et
730 937 836 975 quae
859 924 983 964 tertio
1008 923 1149 976 nupsit
1171 922 1341 963 Messale
1365 922 1554 964 Corvino.

184 1074 192 1082 ·
252 1025 344 1108 ‘dm
372 1025 420 1070 cf.
448 1027 590 1062 Horat.
621 1037 740 1062 carm.
769 1026 835 1062 IV
858 1026 893 1068 3,
925 1026 990 1062 16:
1020 1026 1137 1061 etiam
1166 1025 1281 1061 dente
1309 1026 1432 1060 minus
1460 1025 1636 1060 mordeor

182 1084 263 1109 invi
290 1086 324 1110 ο.

292 1121 341 1158 17
368 1133 423 1167 sq.
451 1121 502 1165 cs.
528 1120 689 1158 Sueten.
717 1119 764 1156 de
790 1133 950 1166 yramm.
981 1126 1016 1156 et
1042 1121 1135 1156 rhet.
1164 1131 1195 1156 c.
1215 1119 1267 1155 15
1284 1121 1338 1165 (p.
1360 1119 1435 1155 112
1459 1120 1632 1164 Reiffer-

183 1169 350 1213 scheid):
382 1169 552 1204 Lenaeus
581 1169 708 1214 Magni
739 1169 894 1215 Pompei
925 1169 1084 1204 libertus
1115 1196 1125 1204 .
1159 1195 1167 1203 .
1202 1195 1210 1203 .
1245 1171 1355 1203 tanto
1385 1179 1513 1203 amore
1544 1179 1636 1214 erga

180 1219 334 1264 patroni
367 1217 589 1252 memoriam
623 1217 766 1258 extitit,
802 1220 848 1252 ut
884 1217 1105 1252 Sallustium
1139 1215 1374 1257 historicum,
1411 1215 1513 1261 quod
1547 1227 1634 1250 eum

180 1266 257 1301 oris
281 1265 389 1312 probi
414 1264 491 1309 (vel
513 1264 692 1310 improbi)
717 1264 844 1300 animo
868 1263 1121 1299 inverecundo
1145 1264 1368 1309 scripsisset,
1394 1263 1636 1299 acerbissima

180 1317 312 1349 satura
337 1313 572 1354 laceraverit,
600 1312 810 1346 lastaurum
836 1315 877 1347 et
901 1312 1119 1347 lurchonem
1146 1315 1188 1346 et
1211 1311 1437 1347 nebulonem
1463 1312 1632 1357 popinio-

179 1360 629 1445 nemqgessppeuansssoet
640 1360 723 1415 vita
741 1360 969 1442 scrigtisque
989 1363 1260 1442 monstrosum,
1281 1362 1477 1405 praeterea
1493 1360 1634 1404 prisco·

180 1421 265 1446 rum
324 1420 347 1444 a
390 1419 449 1444 ms
478 1419 544 1443 ver
597 1419 681 1442 rum
710 1419 818 1442 meru
879 1419 1050 1443 issimum
1096 1418 1212 1442 urem.

291 1455 341 1492 18
369 1467 424 1501 sq.
455 1461 499 1491 ut
527 1455 722 1500 qlossema
751 1456 924 1491 seclusi..

289 1503 338 1540 21
371 1504 420 1548 cl.
450 1503 686 1548 Hieronym.
720 1502 808 1538 adv.
840 1503 971 1538 Iovin.
1004 1502 1029 1536 I
1055 1501 1105 1537 49
1135 1500 1434 1545 (Reitzenstein,
1462 1501 1632 1537 Hermes

180 1550 242 1593 36,
266 1551 331 1595 94)
355 1552 422 1588 illa
446 1552 600 1586 interim
626 1551 791 1587 coniunx
817 1551 966 1596 egregia
991 1553 1032 1584 et
1057 1561 1153 1594 quae
1180 1549 1226 1584 de
1253 1548 1423 1584 fontibus
1449 1549 1632 1584 Tullianis

178 1599 360 1635 hauserat
389 1599 615 1645 sapientiam
649 1598 855 1642 (Terentia)
886 1598 1018 1643 nupsit
1051 1597 1250 1637 Sallustio,
1282 1597 1434 1631 inimico
1466 1597 1557 1637 eius,
1591 1600 1632 1632 et

177 1648 294 1731 ‹fler-tio
321 1647 502 1683 Messalae
529 1647 692 1683 Corvino
720 1649 761 1680 et
788 1646 895 1691 quasi
924 1657 991 1692 per
1019 1644 1203 1690 quosdam
1232 1644 1368 1690 gradus
1393 1644 1631 1690 eloquentiae

205 1706 275 1731 evo
291 1698 360 1731 uta
384 1698 455 1730 est.

290 1776 339 1812 So
365 1776 488 1811 lautot
511 1775 573 1811 die
594 1775 686 1811 Vita
709 1775 749 1810 in
774 1774 842 1810 der
867 1777 1082 1820 genannten
1107 1773 1282 1819 Ausgabe
1307 1772 1372 1809 des
1399 1773 1631 1818 Pomponius

176 1824 329 1860 Laetus.
376 1823 437 1860 Sie
464 1823 592 1859 wurde
620 1824 659 1858 in
688 1822 762 1857 den
789 1821 989 1868 folgenden
1020 1820 1352 1868 Sallustausgaben
1380 1822 1452 1856 mit
1478 1821 1627 1866 einigen

176 1871 537 1918 orthographischen
576 1864 829 1916 Anderungen
873 1870 1117 1916 abgedruckt.
1177 1869 1237 1904 An
1279 1868 1359 1903 sich
1404 1868 1534 1914 bringt
1575 1869 1631 1903 sie

176 1921 297 1965 wenig
312 1919 448 1956 Neues.
490 1919 541 1955 Es
566 1919 620 1954 ist
638 1917 801 1954 dieselbe
818 1917 891 1953 Art
915 1930 961 1952 zu
979 1918 1226 1963 kompilieren
1252 1916 1330 1951 und
1356 1915 1629 1958 kombinieren‚

176 1969 245 2004 wie
266 1969 334 2003 wir
355 1979 394 2003 es
417 1978 466 2002 an
489 1966 653 2002 anderen
675 1966 790 2001 Viten
811 1965 989 2011 gewohnt
1008 1966 1104 2000 sind.
1143 1964 1214 2000 Die
1236 1968 1336 2000 erste
1360 1964 1491 1999 Halite
1513 1964 1566 1998 ist
1586 1964 1626 1998 in

174 2015 295 2052 ihrem
330 2015 402 2051 Stil
431 2015 540 2050 nicht
570 2015 862 2049 uninteressant.
910 2013 1108 2049 Vielleicht
1138 2012 1229 2059 geht
1257 2012 1311 2047 sie
1342 2011 1408 2046 auf
1438 2012 1520 2046 eine
1551 2011 1628 2046 alte

178 2063 405 2099 Sallustvita
435 2062 588 2103 zuriick‚
621 2073 690 2097 aus
721 2061 788 2096 der
818 2061 915 2096 auch
947 2061 1014 2095 der
1044 2060 1293 2095 Deklamator
1323 2059 1390 2094 der
1422 2059 1625 2094 Invektive

174 2111 255 2146 sein
284 2110 458 2146 Material
488 2110 618 2156 geholt
646 2109 769 2144 haben
800 2120 896 2154 mag.
943 2108 1161 2143 Auffallend
1191 2107 1276 2143 sind
1305 2106 1526 2142 Ausdriicke
1555 2107 1625 2141 wie

176 2163 304 2203 empto
328 2159 409 2195 loco
431 2159 570 2194 habere
592 2157 646 2201 (Z.
669 2158 709 2201 9)
739 2156 815 2191 und
846 2156 1099 2192 adornaverit
1127 2155 1424 2200 [adamaverm]
1457 2153 1510 2199 (Z.
1541 2153 1614 2196 10),

175 2206 347 2242 delicias
371 2211 485 2252 atque
518 2217 713 2242 secessum
745 2205 799 2249 (Z.
836 2205 907 2248 11).
