1696 2820
196 105 253 150 84
660 102 703 141 Ο.
727 101 982 141 SALLVSTI
1005 101 1177 142 CRISPI

195 221 342 280 iacere,
360 226 404 264 et
418 221 503 263 iam
519 226 720 264 aestatem
736 226 926 264 exactam
941 236 1040 272 esse,
1059 221 1112 264 ab
1130 223 1255 264 Zama
1271 223 1445 266 discedit
1460 225 1562 267 etin
1578 226 1635 267 eis

195 280 379 331 urbibus,
397 295 503 335 quae
519 281 574 322 ad
588 295 630 323 se
647 281 880 324 defecerant
895 281 1075 336 satisque
1091 283 1274 324 munitae
1290 283 1379 325 loco
1396 289 1470 324 aut
1485 286 1636 326 moeni-

144 350 173 386 12
195 340 273 382 bus
291 346 422 390 erant,
442 340 646 395 praesidia
663 341 843 395 inponit3
864 346 1046 382 ceterum
1064 341 1288 384 exercitum
1308 343 1351 383 in
1369 344 1634 396 provinciam,

195 413 301 454 quae
323 414 526 454 proxuma
550 406 613 442 est
636 399 867 450 Numidiae,
893 401 1102 442 hiemandi
1124 402 1256 455 gratia
1280 403 1479 444 conlocat.

153 476 172 504 8
298 464 442 520 Neque
460 466 503 507 id
522 471 685 520 tempus
704 480 756 507 ex
774 466 947 507 aliorum
966 479 1078 507 more
1098 467 1227 520 quieti
1246 473 1320 508 aut
1337 467 1523 510 luxuriae
1542 483 1635 510 con-

193 524 315 575 cedit,
344 525 428 574 sed,
458 526 653 579 quoniam
680 525 803 566 armis
829 525 981 567 bellum
1007 539 1155 579 parum
1180 527 1441 580 procedebat,
1470 528 1638 570 insidias

192 585 279 639 regi
298 599 371 639 per
392 585 543 627 amicos
565 584 733 626 tendere
755 590 798 626 et
819 598 960 626 eorum
981 586 1154 639 perfidia
1176 600 1250 639 pro
1273 587 1395 627 armis
1417 588 1479 628 uti
1501 595 1634 641 parat.

151 655 170 683 4
193 644 318 698 igitur
347 644 631 694 Bomilcarem,
664 645 735 698 qui
763 645 921 685 Romae
951 658 1045 685 cum
1075 646 1275 698 Iugurtha
1305 647 1440 687 iuerat
1470 653 1512 688 et
1540 648 1635 689 inde

193 703 369 745 vadibus
393 703 502 744 datis
527 704 577 745 de
600 704 802 745 Massivae
827 718 925 745 nece
949 704 1145 745 iudicium
1168 705 1342 758 fugerat,
1368 707 1479 758 quod
1503 708 1540 747 ei
1564 722 1636 760 per

193 777 433 804 maxumam
474 763 698 805 amicitiam
739 777 934 804 maxuma
976 764 1094 817 copia
1134 764 1308 805 fallundi
1349 771 1450 814 erat,
1494 767 1635 807 multis

150 834 168 861 ⁵
191 823 557 877 pollicitationibus
582 823 827 876 aggreditur.
870 837 916 864 ac
941 824 1074 876 primo
1099 823 1241 873 efficit,
1268 824 1331 865 uti
1356 825 1410 864 ad
1434 839 1475 865 se
1501 827 1634 867 conlo—

192 883 344 937 quendi
367 883 500 937 gratia
524 883 707 924 occultus
731 883 890 931 veniat;
916 883 1063 924 deinde
1087 883 1169 923 fide
1195 884 1307 932 data,
1333 884 1367 924 si
1392 885 1633 938 Iugurtham

191 942 335 984 vivum
356 948 430 984 aut
450 948 642 984 necatum
664 942 741 983 sibi
761 942 1010 991 tradidisset,
1033 943 1120 983 fore
1141 948 1190 983 ut
1210 943 1268 983 illi
1289 950 1454 984 senatus
1475 944 1636 997 inpuni-

190 1007 323 1044 tatem
358 1007 400 1043 et
435 1016 510 1043 sua
545 1003 683 1043 omnia
718 1002 971 1051 concederet,
1008 1002 1126 1043 facile
1162 1002 1365 1044 Numidae
1401 1005 1634 1057 persuadet,

190 1075 286 1103 cum
316 1062 478 1116 ingenio
511 1061 641 1103 infido
673 1067 764 1102 tum
796 1062 999 1102 metuenti
1032 1076 1095 1111 ne,
1130 1063 1165 1102 si
1195 1076 1279 1115 pax
1310 1077 1403 1104 cum
1437 1064 1634 1105 Romanis

114 1123 164 1162 62
188 1121 320 1171 fieret,
350 1122 436 1175 ipse
463 1135 536 1175 per
562 1121 820 1163 condiciones
848 1121 902 1162 ad
928 1122 1172 1175 supplicium
1199 1122 1443 1163 traderetur.
1487 1124 1534 1173 is,
1564 1124 1635 1164 ubi

188 1181 368 1235 primum
397 1186 676 1235 opportunum
700 1181 792 1230 fuit,
824 1181 1068 1234 Iugurtham
1097 1181 1265 1222 anxium
1296 1196 1342 1222 ac
1372 1183 1633 1223 miserantem

161 1283 163 1286 ,
188 1242 376 1282 fortunas
402 1255 496 1282 suas
522 1241 697 1290 accedit;
724 1246 866 1282 monet
892 1246 1016 1294 atque
1040 1241 1272 1282 lacrumans
1298 1241 1545 1291 obtestatur,
1571 1244 1635 1283 uti

189 1300 410 1354 aliquando
434 1300 512 1342 sibi
532 1301 750 1354 liberisque
774 1305 817 1342 et
841 1300 952 1353 genti
975 1298 1248 1341 Numidarum
1270 1307 1439 1354 optume
1463 1302 1633 1343 meritae

188 1359 421 1414 provideat:
466 1360 656 1401 omnibus
697 1360 861 1413 proeliis
903 1374 989 1401 sese
1031 1360 1176 1409 victos,
1222 1374 1364 1414 agrum
1406 1367 1633 1411 vastatum,

186 1420 339 1460 multos
368 1420 554 1460 mortalis
583 1425 726 1473 captos
756 1420 921 1468 occisos,
953 1420 1067 1472 regni
1097 1434 1192 1473 opes
1222 1421 1495 1461 comminutas
1525 1435 1629 1470 esse3

186 1480 288 1520 satis
313 1493 434 1532 saepe
458 1480 541 1519 iam
566 1485 608 1520 et
632 1479 831 1520 virtutem
857 1479 1034 1520 militum
1058 1485 1101 1520 et
1126 1480 1335 1520 fortunam
1360 1485 1628 1533 temptatam;

143 1550 162 1576 2
185 1544 344 1588 caveat,
375 1553 427 1579 ne
455 1539 524 1579 illo
552 1544 774 1579 cunctante
802 1536 1006 1579 Numidae
1034 1539 1112 1579 sibi
1139 1540 1367 1579 consulant.
1414 1540 1475 1580 his
1505 1546 1629 1593 atque.

227 1663 435 1694 aestatem:
459 1658 535 1705 vgl.
563 1669 610 1693 zu
634 1660 694 1700 46,
720 1659 754 1693 5.

229 1719 276 1754 in
297 1717 358 1753 eie
377 1717 608 1754 urbibus..
633 1745 642 1753 .
667 1717 869 1761 inposuit:

161 1765 300 1813 ‘dageg
300 1776 348 1801 en
387 1768 447 1807 47,
489 1766 512 1800 2
553 1765 629 1801 huc
671 1765 867 1810 inposuit.

178 1813 250 1850 Die
280 1812 393 1850 Wahl
424 1792 491 1850 der
522 1812 680 1849 Konstr.
715 1813 872 1859 bedingt

181 1861 248 1897 der
282 1860 624 1907 Zusammenhang:
662 1860 752 1896 Met.
788 1872 870 1896 ver-

177 1909 263 1945 l‘asst
299 1908 367 1945 das
405 1908 607 1944 feindliehe
645 1908 752 1944 Land
790 1908 869 1944 und

177 1957 316 1993 versah
369 1956 430 1993 die
487 1956 621 1993 Stadte
674 1957 747 1992 mit
798 1956 867 1991 Be-

176 2008 397 2051 satzungen,
435 2004 496 2040 die
530 2016 570 2040 er
604 2004 773 2039 daselbst
807 2015 867 2039 zu-

176 2052 363 2093 riicklieffi
405 2053 479 2098 vgl.
521 2053 603 2088 Liv.
646 2052 704 2094 31,
750 2052 805 2093 18,
847 2054 870 2087 8

175 2099 405 2155 Philippus
417 2100 599 2145 inposita
610 2100 674 2136 Ab
679 2099 750 2144 ,μὴ
761 2110 868 2145 prae-

177 2146 285 2185 sidio
314 2148 361 2184 in
389 2159 554 2193 reynum
583 2147 716 2184 rediit.

224 2205 278 2244 ad
304 2216 344 2242 ee
370 2205 612 2251 defecerant:
640 2206 708 2241 das
736 2205 865 2242 reflex.

176 2253 289 2291 Pron.
328 2253 452 2290 findet
488 2254 569 2290 sich
606 2254 714 2290 nicht
749 2253 868 2288 selten

175 2301 235 2338 bei
291 2301 387 2338 Sall.
442 2304 493 2337 im
547 2300 868 2338 indikativisclien

175 2349 414 2434 Rffatixmztz
455 2350 527 2384 mit
567 2351 734 2396 eigenem
775 2349 867 2385 Sub-

174 2399 213 2443 jc
242 2402 270 2434 t.

226 2457 259 2492 2.
287 2456 334 2492 in
358 2456 612 2502 provinciam
639 2472 677 2485 =
709 2457 755 2491 in
782 2467 868 2491 eam

175 2504 413 2550 provinciae
439 2509 604 2549 partem.
636 2515 734 2550 quae
756 2515 866 2543 usw.;

174 2552 251 2598 vgl.
291 2551 361 2598 Ep.
403 2551 534 2597 Pomp.
574 2553 597 2587 9
636 2564 672 2587 u.
713 2552 788 2587 Cio.
831 2563 864 2597 p.

172 2599 253 2635 Mil.
290 2600 324 2640 3.
361 2601 382 2634 7
416 2604 508 2634 ante
542 2611 662 2644 quam
695 2598 750 2635 ad
782 2610 867 2634 eam

940 1659 1163 1694 orationem
1187 1659 1314 1700 venio,
1339 1670 1438 1704 quae
1463 1665 1519 1694 est
1543 1671 1629 1704 pro-

939 1707 1035 1752 pria
1054 1711 1205 1742 vestrae
1224 1706 1485 1751 quaestionis.

990 1760 1036 1795 in
1056 1759 1310 1804 provinciam
1333 1787 1340 1794 .
1367 1786 1375 1794 .
1401 1787 1409 1794 .
1434 1760 1630 1795 conlocat:

939 1807 1002 1841 fiir
1040 1807 1101 1843 die
1140 1808 1324 1842 seltenere
1364 1807 1522 1843 Konstr.
1564 1810 1637 1843 mit

941 1855 1027 1890 dem
1052 1854 1149 1890 Akk.
1177 1856 1232 1890 ist
1255 1855 1392 1901 gerade
1417 1855 1479 1890 die
1503 1867 1633 1902 gegen-

940 1902 1067 1948 teilige
1088 1902 1302 1938 Riioksicht
1321 1902 1559 1949 massgebend
1580 1904 1636 1938 als

938 1950 1077 1986 soeben
1088 1950 1147 1986 bei
1162 1950 1373 1996 inponere:
1384 1950 1474 1986 Met.
1488 1951 1637 1987 kommt

938 2002 1019 2033 eret
1043 2000 1087 2033 in
1114 1998 1185 2033 die
1213 1998 1387 2034 Provinz.

987 2052 1019 2086 3.
1044 2051 1088 2087 id
1109 2056 1284 2097 tempus:
1305 2051 1452 2087 Winter
1476 2052 1635 2098 109s108

940 2100 1144 2146 (645s646).

987 2155 1020 2187 4.
1051 2151 1097 2187 de
1122 2152 1332 2188 Illas-sivae
1360 2163 1470 2188 nece:
1499 2152 1634 2198 gehort

940 2199 1188 2235 unmittelbar
1223 2211 1269 2235 zu
1313 2199 1531 2241 iudicium;
1568 2211 1633 2236 zur

942 2248 1061 2284 Sache
1087 2247 1186 2294 Kap.
1215 2249 1274 2283 35.

986 2310 1020 2342 5.
1043 2318 1133 2342 cum
1153 2306 1314 2351 i-nqen-zo
1333 2305 1462 2350 infido
1477 2317 1567 2341 usw.
1585 2322 1619 2334 z

939 2355 1009 2400 qui
1046 2366 1135 2390 cum
1172 2354 1335 2399 inqenio
1373 2353 1507 2397 infido
1546 2359 1628 2388 erat

939 2409 1023 2438 tum
1048 2402 1254 2438 metuebat.

988 2456 1075 2501 ipse
1113 2466 1185 2501 per
1222 2454 1477 2491 condiciones
1514 2480 1523 2488 .
1565 2481 1573 2488 .
1615 2482 1623 2488 .

939 2503 1177 2539 traderetur.-
1239 2503 1313 2538 ‘die
1365 2501 1630 2546 Aualieferuug

937 2552 1059 2586 seiner
1139 2551 1280 2587 Person
1358 2549 1627 2595 auebcdungen

937 2597 1082 2634 werde?
