1696 2820
187 91 242 134 80
653 88 696 127 G.
721 86 972 127 SALLvs'rl
997 85 1165 128 0318121

150 220 168 246 a
293 207 364 250 Ita
383 207 620 263 compositis
640 207 762 250 rebus
781 209 826 250 in
843 208 934 250 loca
956 221 1081 262 quam
1100 221 1292 250 maxume
1313 208 1475 251 occulta
1500 209 1627 250 disce—

190 268 268 310 dit:
301 281 349 311 ac
379 272 476 322 post
505 268 629 322 paulo
659 268 868 323 cognoscit
887 267 1063 310 Marium
1091 282 1142 310 ex
1162 268 1307 310 itinere
1328 268 1627 310 frumentatum

190 341 285 370 cum
302 328 444 382 paucis
463 326 700 369 cohortibus
722 327 879 370 Siccam
898 327 1080 377 missum,
1103 328 1213 382 quod
1233 327 1431 382 oppidum
1449 327 1625 382 primum

189 385 374 430 omnium
388 392 484 441 post
498 387 650 428 malam
665 401 846 441 pugnam
861 387 914 427 ab
930 401 1022 441 rege
1038 387 1254 429 defecerat.
1287 402 1335 428 eo
1351 401 1446 428 cum
1460 387 1627 429 delectis

148 459 166 485 4
189 447 396 502 equitibus
420 452 547 488 noctu
568 447 701 501 pergit
724 452 767 488 et
789 447 873 488 iam
896 447 1197 500 egredientibus
1221 448 1418 488 Romanis
1442 447 1485 487 in
1507 453 1626 500 porta

187 520 370 562 pugnam
383 506 484 548 facit
492 521 502 557 ;
519 506 639 547 simul
653 520 802 560 magna
816 521 916 548 voce
934 506 1138 548 Siccenses
1153 507 1356 556 hortatur,
1372 507 1435 548 uti
1450 507 1627 548 cohortis

188 567 242 608 ab
284 572 399 620 tergo
442 566 782 615 circumveniant;
826 566 1037 607 fortunam
1078 567 1157 607 illis
1198 567 1395 620 praeclari
1437 567 1627 607 facinoris

189 640 329 668 casum
346 626 459 667 dare:
479 625 574 667 si‘id
589 626 772 675 fecerint,
791 631 936 679 postea
953 640 1038 667 sese
1056 625 1100 666 in
1117 639 1253 679 regno,
1271 626 1361 667 illos
1378 626 1422 667 in
1437 626 1627 667 libertate

147 697 164 723 5
188 686 275 728 sine
300 690 416 727 metu
442 690 624 727 aetatem
649 691 825 727 acturos.
869 700 915 726 ac
942 685 986 726 ni
1010 685 1162 727 Marius
1187 685 1303 738 signa
1327 686 1475 726 inferre
1502 691 1626 739 atque

188 745 362 787 evadere
385 744 537 799 oppido
559 745 873 800 properaxrisset,
896 745 1081 799 profecto
1105 745 1244 786 cuncti
1266 750 1340 786 aut
1362 759 1511 798 magna
1533 759 1627 798 pars

192 805 440 847 Siccensium
461 805 589 846 fidem
610 805 898 846 mutavissent:
923 810 1044 845 tanta
1065 804 1296 845 mobilitate
1317 819 1402 845 sese
1424 804 1626 845 Numidae

146 876 164 902 ο
189 870 347 919 gerunt.
370 864 442 906 sed
457 864 606 906 milites
623 865 856 918 Iugurthini
870 864 1076 918 paulisper
1090 864 1142 904 ab
1159 878 1249 917 rege
1265 865 1500 914 sustentati,
1516 870 1626 917 post-

189 938 314 978 quam
329 924 483 966 maiore
499 924 543 965 vi
558 924 696 965 hostes
712 930 871 978 urgent,
889 924 1030 978 paucis
1048 924 1205 964 amissis
1221 924 1383 977 profugi
1399 924 1626 965 discedunt.

114 994 162 1031 57
291 990 445 1031 Marius
466 990 519 1030 ad
540 989 707 1030 Zamam
727 990 927 1043 pervenit.
964 989 1007 1029 id
1026 989 1237 1042 oppidum,
1259 990 1302 1029 in
1321 1003 1468 1042 campo
1488 989 1625 1037 situm,

187 1050 317 1104 magis
346 1063 466 1104 opere
496 1063 621 1103 quam
649 1055 799 1090 natura
826 1049 1034 1090 munitum
1062 1054 1163 1098 erat,
1194 1049 1343 1089 nullius
1372 1049 1542 1090 idoneae
1571 1048 1629 1090 rei

146 1121 164 1148 2
188 1123 321 1163 egens,
347 1109 470 1150 armis
493 1109 672 1163 virisque
696 1109 948 1162 opulentum.
988 1109 1114 1161 igitur
1136 1108 1323 1149 Metellus
1346 1122 1420 1162 pro
1444 1114 1627 1162 tempore

188 1175 313 1224 atque
337 1169 427 1210 loco
452 1169 607 1223 paratis
633 1169 753 1210 rebus
779 1174 928 1210 cuncta
954 1168 1115 1210 moenia
1139 1168 1321 1209 exercitu
1346 1169 1625 1216 circumvenit,

146 1241 163 1268 3
185 1230 331 1283 legatis
347 1229 535 1283 imperat,
553 1228 625 1269 ubi
643 1229 813 1281 quisque
831 1233 1003 1269 curaret.
1037 1228 1183 1269 deinde
1199 1228 1314 1281 signo
1332 1228 1430 1269 dato
1447 1228 1627 1281 undique

186 1289 308 1330 simul
344 1289 496 1330 clamor
532 1289 673 1342 ingens
710 1289 853 1337 oritur,
893 1300 1023 1341 neque
1061 1301 1109 1328 ea
1147 1301 1210 1328 res
1246 1286 1447 1328 Numidas
1483 1293 1625 1328 terret:

186 1349 335 1390 infensi
367 1348 597 1401 intentique
631 1348 719 1389 sine
752 1348 936 1388 tumultu
969 1353 1153 1389 manent:
1189 1347 1388 1400 proelium
1421 1347 1625 1400 incipitur.

145 1421 163 1446 4
188 1408 378 1457 Romani,
398 1422 473 1461 pro
491 1408 653 1461 ingenio
673 1407 857 1461 quisque,
877 1422 973 1460 pars
992 1408 1149 1448 eminus
1168 1407 1313 1460 glande
1334 1413 1407 1447 aut
1425 1406 1627 1460 lapidibus

186 1482 381 1522 pugnare,
407 1468 477 1508 alii
498 1467 711 1509 succedere
735 1481 783 1508 ac
806 1481 969 1514 murum
993 1467 1115 1507 modo
1138 1467 1343 1507 suffodere
1366 1466 1488 1507 modo
1511 1466 1628 1507 scalis

145 1540 162 1565 5
186 1527 364 1581 aggredi,
384 1541 530 1580 cupere
548 1527 746 1580 proelium
764 1527 807 1566 in
823 1526 1012 1566 manibus
1030 1527 1173 1567 facere.
1208 1532 1351 1567 contra
1368 1540 1416 1566 ea
1434 1526 1629 1579 oppidani

185 1588 230 1628 in
243 1600 466 1641 proxumos
482 1600 582 1627 saxa
597 1586 774 1634 volvere,
791 1586 903 1626 sudis
918 1586 1014 1638 pila,
1032 1591 1244 1638 praeterea
1260 1586 1390 1637 picem
1406 1586 1569 1638 sulpure
1586 1593 1627 1626 et

145 1658 162 1685 o
186 1647 310 1688 taeda
330 1646 505 1686 mixtam
526 1645 688 1687 ardenti
707 1646 883 1686 mittere.
921 1645 992 1685 sed
1013 1659 1064 1686 ne
1084 1645 1173 1685 illos
1196 1644 1373 1697 quidem,
1397 1645 1467 1697 qui
1487 1646 1626 1698 procul

186 1711 436 1755 manserant,
458 1706 583 1747 timor
603 1706 729 1746 animi
749 1705 849 1746 satis
871 1704 1121 1752 muniverat;
1146 1718 1240 1744 nam
1262 1704 1474 1757 plerosque
1496 1704 1626 1744 iacula

187 1766 403 1808 tormentis
428 1770 502 1806 aut
527 1779 654 1805 manu
678 1765 823 1806 emissa
849 1764 1131 1812 volnembmt,
1159 1764 1327 1816 parique
1353 1764 1530 1816 periculo
1557 1764 1624 1803 sed

231 1881 264 1915 3.
293 1880 470 1918 Siccam.-
497 1879 623 1916 vollst.
651 1879 770 1917 Sicca
803 1879 870 1915 Ve·

150 1938 154 1942 ·
184 1929 312 1971 neria,
344 1927 442 1973 jetzt
473 1927 566 1970 Κείς
599 1938 629 1963 s.
664 1938 711 1963 zu
743 1928 802 1968 48,
835 1927 868 1962 3.

230 1980 321 2022 poet
334 1975 484 2012 malam
496 1986 692 2022 puynam:
706 1973 871 2010 namlich

183 2034 246 2059 am
268 2023 436 2065 Muthuh
463 2034 548 2059 zum
573 2022 771 2059 Ausdruck
794 2022 868 2069 vgl.

183 2073 447 2155 Majcaeum:
473 2129 519 2154 zu
544 2119 603 2160 25,
629 2120 662 2154 9.

229 2168 263 2202 6.
291 2167 524 2202 sustentati:
560 2166 596 2202 d.
634 2165 670 2201 h.
710 2164 870 2211 inpulsi

181 2218 227 2250 ut
261 2213 436 2250 hostium
471 2215 664 2260 impetum
699 2212 867 2249 sustine-

184 2266 294 2352 regg·-
327 2315 361 2350 2.
402 2320 544 2351 cuncta
580 2314 758 2351 moenia:
795 2313 869 2348 'die

182 2365 349 2408 gesamte
399 2362 649 2409 Umwallung'
703 2361 758 2397 als
809 2362 869 2397 ein

182 2409 330 2494 ἑὶδωξω
359 2421 596 2457 genommen;
628 2409 702 2457 vgl.
734 2409 869 2446 cuncti

229 2485 263 2548 ὲ.
293 2485 447 2558 meque:
488 2510 760 2557 gegensiitzlich
801 2510 867 2545 wie

182 2559 463 2652 2οῘ1.6·9ζαηάε;
501 2604 763 2653 ‘Bleikugeln’3
804 2604 869 2640 dor

943 1878 1044 1924 Sing.
1071 1890 1137 1912 zur
1161 1877 1422 1923 Bezeichnung
1445 1877 1510 1912 der
1537 1877 1624 1913 Gat-

941 1929 1047 1972 tung,
1074 1926 1143 1961 wie
1172 1926 1227 1967 17,
1254 1928 1293 1966 5;
1321 1926 1379 1966 49,
1406 1929 1429 1960 4
1456 1937 1491 1960 u.
1519 1929 1552 1960 ϋ.

987 1978 1186 2023 proelium
1207 1977 1253 2013 in
1271 1978 1460 2014 manibus
1480 1978 1625 2022 lacere:

940 2026 1163 2062 comminus
1205 2025 1414 2072 proeliari,
1459 2030 1624 2072 entspre-

938 2073 1061 2109 chend
1078 2073 1165 2110 dem
1183 2072 1436 2120 griechischen
1456 2073 1497 2109 ἐν
1515 2074 1627 2120 χερσὶ

941 2123 1013 2168 τὴν
1040 2121 1168 2168 μάχην
1196 2123 1328 2158 ποιεῖν.

987 2178 1019 2210 5.
1050 2175 1179 2220 picem
1198 2185 1306 2210 uswa
1336 2174 1506 2220 fliissiges
1528 2173 1626 2209 Pech

939 2224 977 2257 in
1003 2222 1171 2258 Geiassen
1192 2222 1320 2257 wmde
1342 2222 1462 2257 durch
1484 2221 1624 2257 hincin-

939 2270 1146 2317 geworfene
1180 2269 1395 2305 brennende
1432 2268 1623 2306 Schwefel-

940 2318 1016 2353 und
1044 2317 1364 2354 Kienholzstiicke
1391 2315 1625 2364 angeziindet

940 2366 1016 2401 und
1054 2366 1155 2401 diose
1192 2365 1315 2401 Masso
1351 2364 1416 2400 auf
1453 2364 1513 2399 dic
1551 2364 1623 2398 An-

938 2413 1153 2459 greifenden
1169 2413 1284 2448 herab
1371 2412 1510 2448 hiittet.
1543 2412 1623 2458 vgl.

936 2464 1020 2498 Cas.
1044 2461 1088 2497 B.
1110 2461 1149 2497 C.
1173 2462 1207 2502 2,
1234 2462 1273 2496 ll
1297 2471 1423 2506 cupae
1444 2459 1559 2495 taeda
1579 2471 1626 2494 ac

937 2510 1026 2555 pice
1034 2510 1200 2554 refertas
1208 2507 1424 2544 incendunt
1432 2519 1572 2554 easque
1581 2506 1624 2542 de

937 2569 1050 2594 muro
1085 2557 1131 2593 in
1154 2555 1379 2592 mtwculum
1404 2554 1623 2592 devolvunt.

985 2607 1018 2639 (3.
1051 2604 1146 2651 pari
1174 2603 1371 2650 periculo:
1401 2602 1466 2639 der
1497 2602 1623 2639 Ablat..

1683 2572 1696 2647 ἓ
