1696 2820
193 55 261 127 14*
350 71 359 81 ”
661 75 703 114 0.
727 70 981 112 SALLvs'ri
1002 68 1172 109 cmspr

148 209 170 236 ε
192 202 347 246 tamen,
372 195 468 249 quia
488 195 581 249 plus
603 197 754 247 potest,
778 191 911 232 facere
932 187 1110 229 videtur.
1149 199 1224 227 vos
1246 190 1399 233 autem,
1423 154 1660 225 Adherbal*

138 256 140 258 ’
193 262 236 299 et
267 254 493 309 Hiempsal,
526 253 647 295 colite
680 252 894 293 observate
926 248 1053 289 talem
1085 245 1194 286 hunc
1224 245 1379 292 virum;
1412 243 1633 284 imitamini

193 316 391 358 virtutem
411 319 454 356 et
474 312 692 360 enitimini,
714 325 765 351 ne
786 323 859 362 ego
880 308 1066 348 meliores
1085 304 1233 346 liberos
1253 303 1471 357 sumpsisse
1490 301 1634 343 videar

122 379 171 418 11
195 388 322 429 quam
340 373 550 428 genuisse'.
579 395 632 401 —-
658 370 724 412 Ad
744 383 792 410 ea
812 367 1024 421 Iugurtha,
1045 365 1213 406 tametsi
1231 376 1366 417 regem
1394 362 1496 403 ficta
1523 362 1632 403 locu-

195 441 286 476 tum
314 432 578 486 intellegebat
608 436 651 471 et
679 430 766 483 ipse
796 429 912 480 longe
943 426 1064 466 aliter
1093 424 1231 465 animo
1261 422 1462 475 agitabat,
1493 427 1634 461 tamen

150 506 173 533 ,2
194 508 269 549 pro
301 498 484 546 tempore
516 491 690 543 benigne
721 486 944 541 respondit.
993 484 1162 538 Micipsa
1192 483 1333 537 paucis
1364 487 1458 535 post
1490 480 1634 522 diebus

197 553 382 595 moritur.

298 612 523 663 Postquam
540 610 598 650 illi
616 622 727 649 more
746 606 855 659 regio
874 606 982 645 iusta
999 603 1216 655 magnifice
1235 602 1427 649 fecerant,
1448 600 1574 653 reguli
1594 601 1635 639 in

196 685 324 713 unum
343 673 633 716 convenerunt,
653 672 703 707 ut
720 667 827 706 inter
845 680 887 705 se
906 664 957 704 de
976 662 1134 704 cunctis
1154 661 1328 714 negotiis
1346 660 1632 713 disceptarent.

156 744 173 770 s
197 731 269 773 sed
291 729 516 782 Hiempsal,
543 728 613 781 qui
637 727 844 766 minumus
868 737 919 765 ex
942 723 1022 764 illis
1047 727 1148 769 erat,
1175 727 1324 761 natura
1348 720 1463 761 ferox
1487 724 1529 760 et
1553 720 1634 758 iam

197 797 320 832 antea
340 789 639 843 ignobilitatem
656 784 892 838 Iugurthae,
915 783 1012 836 quia
1027 787 1213 822 materno
1229 793 1373 833 genere
1394 780 1513 832 inpar
1533 783 1635 825 erat,

198 850 434 904 despiciens,
465 848 610 888 dextra
638 843 911 885 Adherbalem
940 841 1114 889 adsedit,
1145 854 1197 881 ne
1226 839 1384 880 medius
1412 852 1463 879 ex
1491 837 1635 886 tribus,

156 922 175 948 4
198 909 310 963 quod
323 907 434 962 apud
447 906 646 947 Numidas
660 904 806 945 honori
819 903 996 950 ducitur,
1012 900 1212 954 Iugurtha
1225 899 1344 940 foret.
1375 897 1471 939 dein
1483 903 1636 944 tamen,

198 975 247 1010 ut
270 968 399 1009 aetati
422 965 662 1007 concederet
684 964 882 1016 fatigatus
907 975 932 1001 a
955 962 1095 1008 fratre,
1120 960 1192 999 vix
1215 959 1259 998 in
1281 963 1443 1011 partem
1467 956 1638 997 alteram

157 1041 175 1067 5
199 1027 461 1070 transductus
485 1031 558 1066 est.
590 1024 648 1065 ibi
673 1037 767 1065 cum
791 1022 922 1062 multa
947 1021 997 1061 de
1023 1017 1349 1060 administrando
1369 1017 1540 1070 imperio
1557 1015 1637 1055 dis-

197 1092 389 1132 sererent,
410 1085 609 1139 Iugurtha
626 1085 734 1124 inter
752 1082 852 1123 alias
870 1095 933 1122 res
951 1080 1050 1121 iacit
1067 1084 1255 1133 oportere
1273 1076 1526 1130 quinquenni
1543 1089 1638 1117 con·

242 1210 276 1244 8.
313 1207 527 1244 observate:
563 1204 637 1250 vgl.
674 1203 748 1240 Cio.
785 1201 876 1237 fam.

199 1257 253 1298 12,
269 1257 291 1291 2
306 1255 398 1291 Sex.
412 1252 614 1298 Aufidius
628 1250 879 1288 observantia

197 1315 275 1350 qua
295 1314 355 1339 me
379 1301 473 1338 colit
494 1300 644 1336 accedit
667 1298 720 1335 ad
741 1298 877 1343 proxi·

195 1363 291 1387 mos.

245 1398 308 1435 11.
349 1398 379 1432 1.
420 1397 526 1442 ipse:
563 1397 616 1431 im
651 1394 766 1431 Sinne
804 1404 880 1428 von

198 1447 284 1493 ipse
314 1456 462 1491 quoque
492 1459 530 1473 ==
564 1441 782 1478 ‘ebensaus‘.

245 1493 438 1539 agitabat:
472 1502 550 1527 von
585 1490 674 1526 Sall.
710 1489 770 1526 oft
802 1499 882 1522 ver-

197 1540 396 1583 wendetes,
423 1537 767 1583 verschiedenartig
792 1536 883 1571 kon-

197 1589 392 1625 struiertes
412 1587 524 1629 Verb,
554 1586 635 1621 hier
654 1583 813 1621 beinahe
840 1599 879 1612 =

199 1637 383 1683 aequare,
401 1635 481 1671 und
498 1645 597 1670 zwar
613 1634 686 1669 mit
702 1631 884 1672 Advorb„

199 1685 273 1731 vgl.
296 1683 460 1719 nachher
480 1683 645 1728 benigne
667 1678 883 1726 respondit.

247 1733 280 1768 2.
298 1731 483 1780 Micipsa
501 1757 509 1766 .
530 1757 539 1765 .
560 1756 569 1766 .
587 1729 775 1766 moritur:
792 1726 886 1762 iiber

199 1779 260 1816 die
286 1779 369 1815 Zeit
393 1790 439 1814 zu
463 1779 498 1820 9,
525 1778 558 1813 3.
841 1812 847 1818 ,

247 1826 392 1874 paucis
413 1831 502 1872 post
524 1825 681 1861 diebus:
707 1822 794 1860 Sall.
819 1822 889 1856 hat

199 1876 240 1910 in
284 1874 436 1911 solchen
481 1871 737 1919 Zeitangaben
780 1873 889 1906 sonst

201 1922 345 1958 iiberall
358 1920 545 1957 entweder
558 1924 647 1966 post
661 1919 717 1954 als
731 1919 886 1964 Prapos.

202 1971 273 2005 mit
293 1969 379 2005 dem
401 1969 497 2005 Akk.
522 1968 612 2004 oder
633 1966 708 2002 den
730 1966 887 2001 Ablativ

203 2018 314 2053 allein
343 2017 456 2053 ohne
485 2016 554 2051 das
584 2014 749 2050 Adverb.
782 2018 890 2059 posu

203 2076 244 2101 so
269 2066 304 2106 9,
331 2067 371 2107 43
401 2065 456 2106 13,
483 2066 517 2099 6.

252 2112 442 2155 fecerant:
476 2111 546 2146 das
587 2109 757 2155 Plusqu.
793 2108 890 2143 nach

205 2165 414 2206 postquam
463 2161 550 2203 (nur
598 2160 650 2193 im
702 2157 736 2192 b.
790 2156 890 2201 Iug.)

204 2207 423 2243 bezeichnet
474 2206 535 2241 die
580 2206 619 2240 in
664 2205 782 2250 bezug
826 2203 891 2238 auf

205 2255 265 2290 die
288 2255 370 2290 Zeit
390 2254 455 2289 des
478 2254 734 2299 Hauptsatzes
755 2251 892 2286 vorhcr

206 2302 422 2349 bcgonnene
437 2301 515 2336 und
532 2300 745 2336 vollendete
760 2297 889 2334 Hand-

206 2350 295 2431 lung
310 2349 383 2385 mit
397 2348 697 2394 Hervorhebung
713 2347 779 2382 der
794 2346 892 2382 noch

204 2399 245 2433 in
296 2409 336 2432 er
361 2396 571 2432 Fortdauer
597 2407 642 2430 zu
669 2394 893 2430 denkenden

206 2445 400 2499 Wirkung.
710 2490 717 2497 ὑ

207 2492 419 2586 Βθὲἶὲἔέἷς
431 2491 504 2574 ἶῗῗε
525 2491 813 2583 32¹¹}33333255
824 2499 894 2572 0¹0¹}

206 2587 296 2624 walt
323 2586 427 2632 jedes
457 2585 665 2624 einzelnem
705 2586 757 2626 12,
795 2586 823 2619 l.
858 2585 890 2619 2.

995 1201 1028 1236 3.
1063 1198 1288 1235 minumus:
1323 1196 1491 1232 namlioh
1526 1201 1637 1237 natu,

947 1259 1024 1283 was
1050 1247 1148 1282 auch
1173 1248 1282 1281 sonst
1306 1244 1415 1286 fehlt,
1442 1254 1552 1279 wenn
1578 1244 1641 1278 ein

943 1293 1268 1341 Missverstandnis
1336 1291 1641 1339 ausgeschlossen

946 1344 1009 1385 ist,
1024 1341 1250 1388 regelmassig
1264 1340 1324 1375 bei
1338 1338 1642 1386 vergleichender

949 1390 1212 1435 Bezeichnung
1263 1388 1329 1424 des
1382 1387 1508 1423 Alters
1562 1397 1640 1421 von

955 1438 1242 1474 Gesohwistern.

999 1485 1174 1522 adsedit:
1203 1484 1277 1519 mit
1305 1483 1496 1518 transitiv.
1529 1481 1641 1521 Akk.,

952 1534 1021 1569 wie
1041 1531 1200 1568 stehend
1226 1531 1349 1567 sidere
1370 1531 1443 1566 mit
1461 1530 1640 1570 circum-‚

953 1593 1054 1627 poa,
1088 1581 1148 1617 ob·
1182 1578 1261 1614 und
1293 1577 1522 1613 dichterisch
1555 1576 1641 1612 sub-

953 1629 1189 1665 konstruiert
1220 1628 1276 1671 (so
1307 1629 1415 1661 sonst
1446 1624 1552 1660 nicht
1583 1624 1643 1660 bei

958 1676 1099 1713 Sallust
1114 1674 1193 1711 und
1208 1686 1280 1710 nur
1294 1673 1355 1709 bei
1369 1676 1505 1720 apaten
1520 1671 1642 1707 Nach-

955 1725 1125 1765 ahmern,
1174 1721 1326 1758 iihnlich
1383 1720 1558 1757 adsidere
1605 1721 1646 1754 in

955 1770 1240 1807 militarisohem
1283 1770 1397 1806 Sinne
1436 1769 1509 1804 mit
1547 1767 1643 1802 Akk.

956 1822 1056 1855 eines
1101 1817 1383 1864 Ortsbegrifies)
1424 1836 1471 1840 —
1514 1825 1644 1850 veran-

956 1867 1169 1903 schaulicht
1188 1865 1335 1902 lebhaft
1355 1864 1430 1899 den
1451 1863 1643 1909 Vorgang:

956 1928 996 1951 cr
1030 1918 1149 1950 setzte
1181 1913 1262 1949 sich
1297 1912 1423 1948 rechts
1458 1910 1565 1946 dicht
1599 1921 1648 1944 an

958 1964 1002 1999 A.
1030 1962 1159 1998 heran.

1007 2010 1123 2054 foret:
1141 2010 1202 2044 ‘zu
1218 2009 1340 2044 sitzen
1356 2005 1496 2047 kame’3
1515 2006 1555 2040 in
1575 2004 1648 2039 den

959 2059 1119 2093 meisten
1162 2056 1294 2093 Fiillen
1336 2055 1485 2091 kommt
1528 2052 1649 2087 dieser

959 2106 1073 2142 Form
1106 2107 1187 2150 (zur
1215 2102 1365 2140 Wurzel
1396 2102 1443 2146 fu
1473 2098 1645 2135 ‘werden’

959 2153 1125 2200 gahorig,
1148 2151 1223 2198 vgl.
1252 2152 1308 2193 10,
1332 2151 1370 2194 5)
1394 2147 1648 2184 fut-urische

962 2201 1187 2247 Bedeutung
1209 2210 1269 2234 zu.

1008 2252 1042 2284 4.
1075 2248 1271 2293 satiqatus
1300 2256 1344 2281 a:
1374 2244 1457 2280 eine
1487 2254 1554 2278 aus
1584 2241 1650 2277 dor

961 2295 1265 2332 altertiimlichen
1323 2291 1487 2338 Sprache
1542 2290 1648 2325 iiber-

962 2355 1158 2379 nommene
1178 2342 1266 2388 (Cio.
1288 2340 1367 2375 und
1385 2340 1468 2375 Cas.
1489 2336 1649 2380 fremde)

960 2391 1171 2438 Wendung‚
1192 2390 1253 2425 die
1273 2389 1403 2424 Livius
1424 2385 1543 2422 durch
1563 2396 1647 2431 pre-

963 2440 1076 2476 cibus
1125 2451 1157 2474 c.
1213 2437 1306 2473 Gen.
1360 2435 1449 2482 (vgl.
1501 2434 1560 2472 66.
1612 2434 1650 2476 2)

963 2487 1126 2522 mildsrt.

1012 2534 1267 2570 transductus
1289 2532 1502 2577 praegnant
1520 2545 1554 2557 π
1581 2527 1646 2562 ad·

965 2583 1108 2619 ductus
1134 2586 1177 2617 ut
1207 2579 1406 2616 transiret.
