1696 2820
157 135 265 187 6.Ι

619 129 663 168 G.
687 121 942 167 SKLLVSTI
969 125 1138 166 CRISPI
1182 118 1186 122 ⁴

156 249 360 300 venerint,
375 248 560 304 profecto
577 246 888 290 existumabunt
903 259 968 288 me
984 245 1114 299 magis
1130 245 1277 288 merito
1294 258 1420 299 quam
1434 247 1599 300 ignavia

106 308 109 310 ’
155 308 353 352 iudicium
380 309 508 350 animi
534 309 615 349 mei
641 307 877 355 mutavisse,
906 306 1119 358 maiusque
1145 304 1407 347 commodum
1433 320 1485 347 ex
1510 307 1597 349 otio

116 367 135 394 ⁸
156 382 248 411 meo
278 382 403 423 quam
432 382 483 409 ex
512 368 686 408 aliorum
715 365 890 419 negotiis
919 366 978 406 rei
1006 363 1194 418 publicae
1222 369 1455 406 venturum.
1501 380 1598 407 nam

157 441 278 482 saepe
293 442 367 482 ego
383 427 524 468 audivi
542 427 588 475 Q.
601 427 853 473 Maxumum,
871 425 916 465 P.
933 424 1176 477 Scipionem,
1193 429 1405 477 praeterea
1415 425 1598 467 civitatis

159 493 323 529 nostrae
340 487 567 540 praeclaros
577 486 686 526 viros
700 485 840 525 solitos
851 485 911 524 ita
922 483 1069 524 dicere:
1089 497 1183 524 cum
1193 484 1394 525 maiorum
1404 485 1600 538 imagines

156 547 427 595 intuerentur,
447 546 815 587 vehementissume
833 543 910 584 sibi
929 543 1114 584 animum
1131 542 1185 583 ad
1202 544 1400 584 virtutem
1418 544 1597 586 accendi.

118 618 138 644 ο
160 606 315 648 scilicet
344 620 428 647 non
457 618 591 646 ceram
620 605 733 645 illam
764 617 896 656 neque
926 603 1102 656 figuram
1132 607 1295 643 tantam
1324 604 1411 643 vim
1441 604 1485 644 in
1514 619 1600 645 sese

95 679 97 681 ’
159 665 323 715 habere,
351 663 422 706 sed
451 664 647 705 memoria
675 676 811 704 rerum
839 668 1045 716 gestarum
1073 675 1164 702 eam
1191 662 1403 703 flammam
1431 665 1602 717 egregiis

158 725 258 766 viris
277 725 319 765 in
338 729 502 777 pectore
521 737 696 764 crescere
717 737 847 776 neque
867 723 980 775 prius
999 721 1147 770 sedari,
1168 735 1292 774 quam
1310 722 1443 763 virtus
1462 737 1603 764 eorum

118 794 135 822 7
159 785 315 825 famam
332 789 457 837 atque
474 783 646 836 gloriam
663 782 970 835 adaequaverit.
1005 786 1050 822 at
1067 786 1212 822 contra
1229 782 1320 834 quis
1338 788 1401 822 est
1418 783 1602 824 omnium

160 844 224 884 his
251 843 444 892 moribus,
474 843 574 895 quin
600 842 758 883 divitiis
785 847 828 883 et
854 841 1098 894 sumptibus,
1128 855 1212 882 non
1237 841 1444 894 probitate
1472 856 1603 895 neque

159 902 362 944 industria
381 916 476 943 cum
497 901 719 943 maioribus
741 902 824 942 suis
846 900 1097 942 contendat?
1136 901 1263 941 etiam
1284 901 1469 942 homines
1490 903 1602 950 novi,

163 963 233 1016 qui
253 967 375 1003 antea
394 976 466 1015 per
485 962 684 1002 virtutem
703 961 814 1002 soliti
834 966 951 1002 erant
971 960 1231 1002 nobilitatem
1251 961 1501 1010 antevenire,
1521 962 1604 1002 fur-

162 1023 240 1064 tim
262 1027 305 1063 et
327 1036 399 1074 per
420 1021 636 1062 latrocinia
658 1021 797 1074 potius
821 1034 945 1073 quam
968 1020 1088 1062 bonis
1111 1019 1269 1060 artibus
1292 1020 1346 1060 ad
1368 1021 1540 1073 imperia
1561 1026 1605 1062 et

120 1092 139 1119 8
162 1082 335 1123 honores
361 1082 565 1122 nituntur:
592 1080 764 1134 proinde
790 1081 907 1134 quasi
932 1085 1126 1133 praetura
1151 1085 1194 1120 et
1218 1080 1454 1120 consulatus
1479 1072 1604 1133 atque

163 1141 244 1181 alia
264 1141 402 1181 omnia
422 1141 588 1181 huiusce
609 1140 722 1181 modi
741 1154 814 1193 per
833 1155 875 1180 se
895 1140 985 1193 ipsa
1005 1140 1115 1180 clara
1135 1144 1178 1180 et
1198 1139 1418 1192 magnifica
1439 1140 1536 1188 sint,
1558 1154 1605 1181 ac

167 1214 250 1241 non
274 1199 441 1253 perinde
467 1200 708 1248 habeantur,
734 1205 783 1241 ut
808 1213 948 1241 eorum
974 1199 1044 1252 qui
1069 1212 1117 1239 ea
1142 1199 1348 1239 sustinent
1372 1199 1504 1240 virtus
1529 1205 1603 1240 est.

125 1271 143 1297 9
166 1273 309 1301 verum
329 1273 402 1312 ego
422 1259 586 1300 liberius
607 1260 810 1312 altiusque
830 1259 1019 1311 processi,
1041 1259 1140 1299 dum
1159 1271 1225 1299 me
1245 1258 1426 1299 civitatis
1446 1272 1605 1300 morum

165 1319 278 1373 piget
304 1319 542 1372 taedetque3
572 1333 681 1360 nunc
709 1319 762 1360 ad
787 1319 997 1371 inceptum
1024 1318 1158 1359 redeo.

158 1408 278 1445 durch
299 1410 488 1446 Antonius
510 1411 593 1445 eine
614 1410 747 1457 Menge
768 1410 846 1446 Un-

157 1457 344 1504 wiirdiger
362 1458 403 1493 in
423 1458 498 1493 den
520 1459 652 1499 Senat;
675 1460 748 1494 mit
766 1459 846 1493 der-

158 1506 285 1542 selben
330 1506 492 1542 Willkiir
536 1506 741 1542 verfuhren
787 1506 848 1543 die

156 1554 385 1590 Triumvirn.

204 1601 353 1646 maqis:
377 1601 437 1637 oft
459 1602 581 1648 wenig
604 1601 848 1637 verschieden

158 1660 236 1686 von
260 1649 410 1694 potius.

205 1699 239 1733 5.
257 1697 299 1740 Q.
307 1698 551 1733 Maxumum
558 1708 667 1732 usw.:
685 1698 851 1743 gemeint

156 1745 244 1780 sind
267 1745 310 1787 Q.
330 1745 469 1780 Fabius
486 1745 586 1781 Max.
605 1745 847 1786 Verrucosus,

158 1792 224 1828 der
256 1793 455 1834 Zauderer,
489 1792 568 1827 und
599 1792 848 1828 wahrschein-

158 1840 235 1876 lich
265 1861 314 1866 -—
346 1851 474 1886 wegen
507 1840 575 1876 der
607 1841 847 1876 Zusammen-

158 1889 321 1934 stellung
349 1889 423 1924 mit
448 1887 528 1923 ihm
557 1908 605 1913 —
634 1888 701 1923 der
730 1889 850 1924 §.ltere

158 1937 202 1973 P.
233 1936 344 1972 corn.
382 1936 505 1981 Scipio
538 1935 750 1978 Africanus,
783 1935 850 1971 der

159 1983 257 2018 auch
284 1985 318 2024 5,
346 1984 369 2018 4
397 1983 570 2019 erwahnt
595 1983 700 2018 wird.

208 2031 422 2076 imaqines:
449 2043 494 2066 zu
520 2033 579 2071 85,
609 2032 664 2067 10.

207 2080 243 2114 6.
280 2078 433 2115 scilicet
465 2099 513 2104 —
549 2079 707 2116 habere:
743 2078 852 2114 nicht

160 2125 268 2161 mehr
299 2125 489 2172 abhangig
519 2138 597 2162 von
629 2126 689 2162 ita
721 2126 850 2163 dicere

162 2173 219 2208 als
239 2173 499 2219 Fortfiihrung
519 2174 585 2209 der
605 2173 767 2210 Ansicht
786 2174 853 2208 der

161 2220 379 2256 erwahnten
392 2222 561 2262 Mimner,
575 2221 738 2257 sondern
748 2221 852 2256 diosc

161 2269 291 2304 weiter
326 2268 579 2304 ausfiihrcnde
616 2268 855 2314 Bemerkung

162 2315 229 2351 des
248 2315 548 2357 Schriftstellers‚
566 2317 683 2352 wobci
702 2317 855 2353 scilicet

162 2363 295 2410 gemblss
341 2364 483 2399 seinem
530 2364 730 2410 Ursprung
775 2364 853 2399 und

164 2410 251 2446 dem
297 2410 495 2447 Gebrauch
537 2412 603 2447 der
644 2413 852 2458 Umgangs-

162 2457 320 2504 spx-eche
363 2460 437 2494 mit
474 2459 559 2494 Acc.
594 2472 625 2494 c.
660 2460 726 2495 ins.
762 2460 853 2495 kon-

163 2506 322 2542 struiert
346 2507 409 2542 ist.

213 2552 260 2588 in
274 2563 357 2588 sese
374 2553 531 2589 habere:
547 2554 631 2589 dem
647 2555 686 2588 in
702 2559 854 2599 pectore

165 2610 333 2637 crescere
350 2602 569 2647 gegeniiber.
600 2602 671 2637 Dio
686 2602 856 2637 etiirkere

164 2647 280 2685 Form
293 2659 376 2684 sese
389 2660 463 2685 von
479 2648 622 2685 Saohen
635 2648 854 2696 gebraucht.

965 1420 1117 1445 eorum:
1145 1409 1182 1445 d.
1212 1408 1251 1444 h.
1279 1409 1492 1452 maiorum,
1522 1421 1606 1445 zum

916 1458 1019 1504 Folg.
1046 1457 1210 1504 gehiirig.

965 1507 998 1541 7.
1022 1505 1088 1540 his
1106 1504 1303 1541 moribus:
1323 1505 1377 1539 ist
1397 1503 1482 1540 Abl.
1506 1505 1606 1546 abs.;

918 1552 983 1588 his
1009 1569 1047 1581 =
1079 1553 1150 1598 qui
1173 1563 1282 1588 nunc
1305 1557 1414 1593 sunt,
1439 1554 1508 1587 wie
1531 1552 1605 1588 Cic.

887 1612 953 1646 .p.
1011 1599 1140 1642 Quint.
1194 1601 1249 1641 18,
1299 1600 1346 1636 59
1395 1600 1608 1645 antiquam

918 1647 1056 1693 officii
1081 1647 1278 1684 rationem
1303 1647 1461 1687 dilexit,
1489 1647 1609 1684 cuius

919 1695 1107 1741 splendor
1148 1695 1280 1732 omnis
1321 1695 1387 1731 his
1428 1695 1609 1731 moribus

918 1743 1118 1781 obsolevit.

967 1792 1066 1837 quin
1083 1818 1091 1826 .
1111 1818 1119 1825 .
1139 1817 1147 1826 .
1167 1802 1249 1826 non
1264 1789 1333 1825 das
1349 1791 1479 1825 zweite
1499 1789 1608 1826 Glied

917 1839 1011 1875 wird
1038 1838 1159 1874 durch
1186 1838 1255 1873 das
1281 1838 1516 1873 Dazutreten
1543 1837 1610 1873 der

918 1888 1074 1923 zweiten
1113 1886 1305 1932 Negation
1343 1886 1502 1932 positiv;
1542 1886 1610 1921 wir

918 1933 1104 1971 ‘anstatt’.

967 1983 1146 2018 homines
1169 1981 1282 2017 novi:
1307 1992 1353 2016 zu
1376 1980 1460 2016 Cat.
1487 1980 1546 2021 23,
1573 1981 1607 2015 6.

968 2030 1038 2076 qui
1059 2046 1096 2059 =
1122 2028 1226 2075 quod
1243 2040 1369 2074 qenus
1388 2028 1605 2064 hominum.

967 2081 1001 2114 8.
1017 2090 1063 2113 ac
1077 2076 1277 2113 nom‘und
1286 2075 1393 2111 nicht
1401 2074 1609 2115 vielmehr’,

920 2126 1068 2162 For-mel
1100 2136 1167 2160 zur
1196 2123 1515 2169 Richtigstellung
1545 2122 1611 2157 der

921 2172 1040 2208 durch
1094 2171 1261 2218 proinde
1315 2170 1435 2216 quasi
1486 2171 1609 2217 einge-

922 2221 1077 2256 fiihrten
1130 2217 1384 2255 unhaltbaren
1438 2217 1609 2264 Behaup-

924 2273 995 2304 tun
1022 2295 1029 2304 .

972 2281 1105 2352 egrum
1119 2313 1189 2361 qui
1199 2326 1305 2349 usw.:
1323 2312 1438 2348 ‘ihrer
1445 2312 1610 2357 Triiger’.

971 2366 1007 2400 9.
1029 2363 1214 2399 liberius:
1233 2361 1339 2396 steht
1356 2360 1611 2406 zeugmatisch

924 2423 970 2446 zu
997 2410 1187 2456 processi,
1214 2413 1322 2444 const,
1348 2408 1408 2443 bei
1437 2408 1546 2453 loqui
1573 2419 1609 2442 u.

924 2459 990 2494 der
1018 2459 1041 2494 l.

972 2470 1099 2542 aglius
1127 2504 1323 2551 processi.-
1351 2503 1421 2538 wie
1449 2501 1509 2537 die
1538 2513 1612 2537 von

923 2554 1052 2590 Cicero
1069 2551 1298 2599 gebrauchte
1313 2549 1514 2595 wendung
1532 2549 1611 2585 lon-

925 2602 1018 2646 qius
1044 2604 1252 2647 provectus
1279 2610 1381 2639 sum,
1410 2607 1500 2633 vom
1530 2597 1612 2633 See—

925 2649 1034 2685 leben
1076 2651 1340 2684 entnommene
1384 2644 1612 2686 Redeweise,
