1696 2820
505 361 666 423 Eine
709 348 1100 423 Sallustvita.

647 473 857 520 mitgeteilt
880 484 958 510 von
1503 482 1506 484 ’

649 542 706 587 Δ.
735 542 957 587 Kurfess.
1410 585 1411 588 ,
1483 545 1518 569 “’

193 647 242 684 In
272 647 340 683 der
373 645 680 691 Sallustausgabe
711 644 778 680 des
810 644 1078 690 Pomponius
1111 645 1276 680 Laetus
1306 644 1345 680 d.
1378 644 1415 679 h.
1449 643 1522 684 Ed.

81 696 255 732 Romana
285 706 373 731 vom
403 694 522 730 Jahn:
556 695 660 734 1490,
691 694 761 727 wie
791 692 852 727 die
884 692 1120 738 Subscriptio
1150 693 1261 738 zeigt,
1291 691 1416 728 findet
1441 691 1525 727 sich

80 743 254 790 fulgenda
292 743 526 782 Sallustvita,
564 742 625 777 die
660 751 700 776 es
737 740 926 775 vielleicht
961 740 1147 781 verdient,
1185 741 1306 775 einem
1342 739 1525 786 grosseren

79 789 214 828 Κηϊα
244 790 414 826 bekannt
442 789 618 836 gemacht
647 799 693 823 zu
722 787 881 824 werden.
928 787 995 823 Ich
1024 788 1117 833 gebe
1147 787 1264 832 gleieh
1295 791 1408 822 unter
1434 786 1524 824 dem

78 839 179 875 Text
206 838 268 874 die
298 839 338 873 in
369 836 553 872 Betracht
583 835 833 872 kommenden
863 835 1168 876 Parallelstellen‚
1198 836 1331 870 soweit
1358 835 1413 871 sie
1441 834 1524 870 sioh

79 887 152 922 mir
183 885 242 921 bci
275 895 498 931 gensum-em
522 883 804 919 Nachiorschen
835 883 996 929 ergeben
1029 883 1164 923 haben,
1199 882 1393 918 nstfirlich
1425 882 1525 918 ohne

79 934 154 969 den
185 933 384 978 Anspruch
414 932 480 967 auf
510 931 828 977 Vollstiindigkeit
859 943 905 966 zu
936 931 1109 966 erheben.
1151 932 1210 965 Im
1241 930 1399 976 iibrigen
1429 929 1524 976 gebo

77 982 139 1017 ich
158 981 219 1016 die
237 981 327 1016 Vita
341 992 384 1016 so
401 980 549 1021 wieder,
567 981 636 1014 wie
652 979 713 1014 ich
730 980 784 1014 sie-
801 980 842 1013 in
858 979 944 1013 dem
963 978 1131 1013 Berlincr
1148 978 1352 1024 Exemplar
1368 978 1521 1023 (Incun.

80 1030 175 1066 3488
192 1045 231 1059 =
251 1027 366 1069 usin,
392 1028 546 1074 Repert.
573 1027 665 1062 bibl.
696 1027 833 1071 14217)
858 1027 1007 1072 gelesen
1032 1027 1146 1061 habe:

75 1096 241 1148 Crispus
258 1094 473 1136 Sallustius
488 1107 592 1146 geno
607 1107 659 1134 ex
673 1093 886 1134 Amiterno
902 1092 1104 1133 Sabinoru
1118 1092 1245 1133 ducit.
1262 1093 1305 1133 C.
1325 1091 1518 1133 Sallustio

75 1161 195 1208 patre
235 1155 396 1207 genitus
430 1168 481 1195 ex
505 1153 740 1193 liberalibus
774 1152 932 1192 artibus
958 1152 1002 1191 in
1029 1152 1178 1204 quibus
1205 1151 1404 1192 educatus
1428 1156 1519 1192 erat

75 1220 212 1268 preter
234 1213 506 1255 eruditionem
529 1212 629 1253 nihil
651 1212 823 1264 accepit:
849 1212 1038 1252 omnibus
1061 1211 1347 1264 voluptatibus
1366 1210 1518 1263 turpis-

74 1274 176 1315 sime
203 1273 374 1314 indulsit
398 1278 614 1325 paternam
641 1271 810 1312 domum
838 1271 1025 1311 vendidit
1053 1277 1102 1310 ut
1130 1270 1297 1311 crimine
1325 1269 1519 1311 adulterii

74 1345 118 1374 se
146 1333 364 1374 redimeret
392 1346 444 1372 ex
471 1337 666 1384 questura
696 1332 732 1371 az
759 1330 976 1370 tribunatu
998 1330 1152 1370 nullam
1172 1329 1337 1370 laudem
1360 1334 1424 1370 est
1445 1329 1516 1369 ad-
1541 1340 1562 1366 ⁶

73 1397 255 1434 secutus:
294 1391 460 1431 favente
498 1391 541 1432 0.
582 1390 752 1431 Caesare
791 1395 931 1442 pretor
968 1389 1178 1441 aphricam
1215 1389 1387 1429 sortitus
1424 1401 1517 1442 pro-

73 1451 253 1492 vinciam
286 1450 488 1503 expilavit
522 1455 565 1490 et
599 1449 804 1490 exhausit:
841 1454 1087 1501 tantumque
1122 1447 1217 1488 inde
1250 1447 1518 1501 pecuniarum

73 1509 303 1564 reportavit
317 1515 367 1550 ut
382 1508 664 1550 amenissimos
680 1508 821 1549 hortos
836 1507 913 1548 sub
936 1507 1143 1556 Quirinale
1159 1513 1279 1548 extra
1292 1507 1521 1561 pomerium

77 1570 133 1611 ad
164 1569 312 1611 collina
345 1574 509 1622 portam
541 1567 665 1608 titulo
698 1567 762 1607 sui
796 1567 972 1607 nominis
1004 1567 1159 1620 Empto
1191 1567 1280 1608 loco
1314 1566 1520 1608 habuerit:

77 1635 178 1685 atqg
202 1628 465 1670 adornaverit
482 1641 565 1668 nou
587 1627 775 1680 vulgares
791 1627 898 1667 illius
920 1627 1045 1667 seculi
1061 1628 1096 1667 δι
1112 1632 1326 1679 posteroru
1348 1626 1530 1667 etatibus
1558 1636 1600 1664 ιο

183 1719 209 1756 8
227 1720 277 1764 cs.
298 1719 471 1756 Pan-cia
495 1719 541 1754 in
558 1717 658 1754 Sall.
680 1717 715 1758 5,
738 1717 788 1754 13
804 1717 914 1753 facile
931 1717 1184 1763 intellegetur,
1204 1728 1319 1762 quam
1338 1717 1527 1763 petulanti
1596 1746 1607 1754 .

74 1768 240 1816 pueritia
263 1770 344 1802 tam
365 1765 577 1812 impudicus
593 1769 634 1801 et
648 1776 789 1811 procax
813 1765 1030 1801 adoleveris.
1058 1768 1305 1811 posteaquam
1322 1764 1528 1801 immensae

72 1816 258 1899 {¹¹23ss
259 1815 627 1907 Ρῶὼὲἑωμωοῗαῗ
629 1818 883 1906 ’(51αέἳῖῒέῑέ
892 1812 1529 1908 εἰῗέἓῗὲηῗΐέῑεξᾯῖἶξᾶἰνᾯῗζ

73 1909 349 1957 cupiditatibus
383 1909 546 1944 infinitis
580 1907 809 1950 efferebam,
844 1913 900 1948 ut,
929 1919 1026 1954 quae
1051 1909 1131 1954 ipse
1156 1907 1375 1954 corporibus
1402 1908 1530 1954 turpia

74 1970 152 1995 nou
178 1957 361 1998 duxisses,
389 1958 428 1992 in
455 1957 539 1992 aliis
564 1957 797 2002 experireris.
841 1955 922 2000 (14)
947 1957 1003 1991 ita
1030 1967 1106 1991 non
1131 1961 1191 1990 est
1205 1955 1316 1991 facile
1331 1960 1527 2001 exputare,

74 2018 113 2054 p.
143 2017 192 2047 e..
222 2010 351 2041 utrum
379 2003 696 2039 inhonestioribus
725 2005 894 2050 corporis
924 2003 1098 2049 partibus
1129 2014 1208 2038 rem
1238 2003 1443 2048 quaesierit
1478 2014 1530 2038 an
1598 2045 1601 2049 Ι

74 2054 256 2091 amiserit.
298 2052 452 2088 domum
478 2055 676 2097 paternam
703 2052 874 2087 venalem
900 2051 1035 2086 habuit
1057 2049 1273 2095 [vendidit]

184 2101 210 2137 ὅ
236 2113 292 2146 sq.
313 2099 410 2135 ibid.
431 2098 466 2139 5,
487 2099 536 2135 15
559 2101 724 2145 primum
742 2099 923 2135 honorem
948 2100 988 2134 in
1006 2102 1213 2143 quaestura
1237 2096 1403 2143 adeptus
1427 2097 1528 2133 hune

76 2149 200 2185 locum
224 2152 266 2184 et
281 2147 379 2183 hunc
397 2147 567 2183 ordinem
582 2145 777 2192 despectui
794 2147 988 2192 (habuit).
1024 2145 1060 2187 6,
1083 2146 1130 2182 17
1146 2150 1190 2181 at
1206 2147 1301 2181 item
1315 2145 1527 2189 Sallustius,

77 2197 144 2242 qui
169 2197 210 2231 in
236 2207 330 2242 pace
356 2206 403 2230 ne
429 2198 581 2230 senator
604 2194 757 2239 quidem
778 2198 981 2235 manserat,
1004 2198 1138 2240 postea
1158 2204 1273 2239 quam
1295 2204 1354 2229 res
1374 2192 1529 2239 publica

76 2245 192 2280 armis
221 2254 383 2290 oppessa
410 2247 482 2283 est,
513 2241 613 2277 idem
636 2253 659 2276 a
685 2243 842 2284 victore,
880 2244 944 2287 qui
978 2242 1126 2277 exsules
1155 2239 1321 2283 reduxit,
1356 2241 1396 2276 in
1420 2251 1529 2276 sena-

76 2294 161 2327 tum
187 2303 255 2338 per
279 2294 523 2336 quaesturam
548 2294 609 2325 est
634 2289 822 2325 reductus.
850 2309 897 2315 —
934 2290 966 2330 7,
994 2288 1042 2324 19
1074 2289 1311 2335 provinciam
1342 2289 1529 2330 vastavit,

75 2342 124 2375 ut
141 2339 235 2374 nihil
256 2349 377 2383 neque
396 2339 498 2384 passi
517 2339 596 2372 sint
616 2348 738 2383 neque
758 2338 1065 2383 exspectaverint
1085 2337 1237 2382 gravius
1257 2337 1298 2371 ‘m
1317 2335 1416 2371 bello
1434 2337 1530 2372 socii

76 2388 210 2428 nostri,
231 2397 345 2431 quam
363 2386 510 2431 experti
529 2389 620 2420 sunt
637 2386 676 2420 in
694 2397 788 2431 pace
806 2385 876 2420 boc
899 2384 1064 2420 Africam
1082 2383 1299 2419 inferiorem
1317 2383 1527 2420 obtinente.

75 2434 178 2470 unde
197 2437 351 2470 tantmn
371 2433 431 2468 hie
451 2433 639 2474 exhausit,
661 2438 848 2478 quantum
868 2432 997 2478 pot-uit.
1015 2435 1085 2466 aut
1104 2431 1181 2466 fide
1201 2432 1399 2467 nominum
1418 2432 1529 2467 traici

77 2485 149 2518 ant
170 2482 211 2517 in
238 2492 355 2517 naves
381 2480 557 2516 contrudi
586 2507 595 2515 .
626 2507 634 2515 .
665 2507 673 2515 .
703 2481 761 2515 his
787 2481 914 2527 palam
943 2478 1080 2520 refelle,
1109 2478 1221 2520 unde,
1250 2479 1315 2524 qui
1342 2478 1456 2515 modo
1481 2490 1530 2515 ne

77 2532 278 2574 paternam
321 2527 473 2574 quidem
517 2528 672 2563 domum
715 2528 858 2563 reluere
902 2528 1084 2574 potueris,
1130 2531 1285 2573 repente
1328 2530 1530 2573 tamquam

77 2586 209 2614 nomm
231 2577 367 2613 beatm
389 2576 520 2612 hortos
544 2576 838 2622 pretiosissimos
863 2602 872 2611 .
899 2602 908 2611 .
936 2602 945 2610 .
971 2575 1176 2621 paraveris.
1561 2585 1572 2599 =
