<?xml version="1.0" encoding="UTF-8"?>
<!DOCTYPE html PUBLIC "-//W3C//DTD XHTML 1.0 Transitional//EN"
    "http://www.w3.org/TR/xhtml1/DTD/xhtml1-transitional.dtd">
<html xmlns="http://www.w3.org/1999/xhtml" xml:lang="en" lang="en">
 <head>
  <title>
</title>
<meta http-equiv="Content-Type" content="text/html;charset=utf-8" />
  <meta name='ocr-system' content='tesseract 3.04.00' />
  <meta name='ocr-capabilities' content='ocr_page ocr_carea ocr_par ocr_line ocrx_word'/>
</head>
<body>
  <div class='ocr_page' id='page_1' title='image "./debelloiugurthin00salluoft_0107.png"; bbox 0 0 1696 2820; ppageno 0'>
   <div class='ocr_carea' id='block_1_1' title="bbox 374 0 934 56">
    <p class='ocr_par' dir='ltr' id='par_1_1' title="bbox 374 0 934 56">
     <span class='ocr_line' id='line_1_1' title="bbox 374 0 934 56; baseline 0 2764"><span class='ocrx_word' id='word_1_1' title='bbox 374 0 934 56; x_wconf 95' lang='lat' dir='ltr'><strong> </strong></span> 
     </span>
    </p>
   </div>
   <div class='ocr_carea' id='block_1_2' title="bbox 362 120 1559 192">
    <p class='ocr_par' dir='ltr' id='par_1_2' title="bbox 362 120 1559 192">
     <span class='ocr_line' id='line_1_2' title="bbox 362 120 1559 192; baseline -0.003 -9"><span class='ocrx_word' id='word_1_2' title='bbox 362 120 434 184; x_wconf 64' lang='lat' dir='ltr'><strong>mi</strong></span> <span class='ocrx_word' id='word_1_3' title='bbox 455 143 627 187; x_wconf 70' lang='lat' dir='ltr'><strong>amm</strong></span> <span class='ocrx_word' id='word_1_4' title='bbox 648 140 991 185; x_wconf 73' lang='lat' dir='ltr'><strong>lvavmmo.</strong></span> <span class='ocrx_word' id='word_1_5' title='bbox 1037 131 1089 185; x_wconf 78' lang='lat' dir='ltr'><strong>G.</strong></span> <span class='ocrx_word' id='word_1_6' title='bbox 1103 146 1160 184; x_wconf 70' lang='grc' dir='ltr'><strong>το.</strong></span> <span class='ocrx_word' id='word_1_7' title='bbox 1183 121 1256 184; x_wconf 71' lang='grc' dir='ltr'><strong>η’</strong></span> <span class='ocrx_word' id='word_1_8' title='bbox 1459 147 1514 192; x_wconf 83' lang='grc'><strong>95</strong></span> <span class='ocrx_word' id='word_1_9' title='bbox 1553 177 1559 180; x_wconf 87' lang='grc'><strong><em>,</em></strong></span> 
     </span>
    </p>
   </div>
   <div class='ocr_carea' id='block_1_3' title="bbox 0 261 1554 673">
    <p class='ocr_par' dir='ltr' id='par_1_3' title="bbox 77 261 1511 317">
     <span class='ocr_line' id='line_1_3' title="bbox 77 261 1511 317; baseline 0.001 -14"><span class='ocrx_word' id='word_1_10' title='bbox 77 263 191 306; x_wconf 81' lang='lat' dir='ltr'><strong>venit</strong></span> <span class='ocrx_word' id='word_1_11' title='bbox 232 269 446 317; x_wconf 77' lang='lat' dir='ltr'><strong>metusque</strong></span> <span class='ocrx_word' id='word_1_12' title='bbox 482 268 572 303; x_wconf 66' lang='lat' dir='ltr'><strong>‘rem</strong></span> <span class='ocrx_word' id='word_1_13' title='bbox 612 261 875 317; x_wconf 80' lang='lat' dir='ltr'><strong>impediebat,</strong></span> <span class='ocrx_word' id='word_1_14' title='bbox 918 261 1135 312; x_wconf 72' lang='lat' dir='ltr'><strong>Bomilcar,</strong></span> <span class='ocrx_word' id='word_1_15' title='bbox 1178 261 1298 303; x_wconf 87' lang='lat' dir='ltr'><strong>simul</strong></span> <span class='ocrx_word' id='word_1_16' title='bbox 1339 262 1511 317; x_wconf 73' lang='lat' dir='ltr'><strong>cupidus</strong></span> 
     </span>
    </p>

    <p class='ocr_par' dir='ltr' id='par_1_4' title="bbox 0 320 1554 673">
     <span class='ocr_line' id='line_1_4' title="bbox 0 320 1511 377; baseline 0 -13"><span class='ocrx_word' id='word_1_17' title='bbox 0 326 2 332; x_wconf 82' lang='lat'><em>&#39;</em></span> <span class='ocrx_word' id='word_1_18' title='bbox 72 323 238 376; x_wconf 84' lang='lat' dir='ltr'><strong>incepta</strong></span> <span class='ocrx_word' id='word_1_19' title='bbox 253 321 445 377; x_wconf 82' lang='lat' dir='ltr'><strong>patrandi</strong></span> <span class='ocrx_word' id='word_1_20' title='bbox 459 327 504 363; x_wconf 83' lang='lat' dir='ltr'><strong>et</strong></span> <span class='ocrx_word' id='word_1_21' title='bbox 517 321 664 364; x_wconf 88' lang='lat' dir='ltr'><strong>timore</strong></span> <span class='ocrx_word' id='word_1_22' title='bbox 680 321 764 363; x_wconf 89' lang='lat' dir='ltr'><strong>soci</strong></span> <span class='ocrx_word' id='word_1_23' title='bbox 779 320 938 371; x_wconf 84' lang='lat' dir='ltr'><strong>anxius,</strong></span> <span class='ocrx_word' id='word_1_24' title='bbox 957 335 1008 364; x_wconf 85' lang='lat' dir='ltr'><strong>ne</strong></span> <span class='ocrx_word' id='word_1_25' title='bbox 1023 321 1172 363; x_wconf 85' lang='lat' dir='ltr'><strong>omisso</strong></span> <span class='ocrx_word' id='word_1_26' title='bbox 1187 326 1327 364; x_wconf 84' lang='lat' dir='ltr'><strong>vetere</strong></span> <span class='ocrx_word' id='word_1_27' title='bbox 1343 321 1511 364; x_wconf 84' lang='lat' dir='ltr'><strong>consilio</strong></span> 
     </span>
     <span class='ocr_line' id='line_1_5' title="bbox 73 379 1554 435; baseline -0.002 -12"><span class='ocrx_word' id='word_1_28' title='bbox 73 396 229 423; x_wconf 86' lang='lat' dir='ltr'><strong>novum</strong></span> <span class='ocrx_word' id='word_1_29' title='bbox 246 386 472 435; x_wconf 76' lang='lat' dir='ltr'><strong>quaereret,</strong></span> <span class='ocrx_word' id='word_1_30' title='bbox 490 379 651 422; x_wconf 87' lang='lat' dir='ltr'><strong>litteras</strong></span> <span class='ocrx_word' id='word_1_31' title='bbox 669 379 724 422; x_wconf 87' lang='lat' dir='ltr'><strong>ad</strong></span> <span class='ocrx_word' id='word_1_32' title='bbox 741 394 836 422; x_wconf 87' lang='lat' dir='ltr'><strong>eum</strong></span> <span class='ocrx_word' id='word_1_33' title='bbox 853 394 927 435; x_wconf 86' lang='lat' dir='ltr'><strong>per</strong></span> <span class='ocrx_word' id='word_1_34' title='bbox 944 380 1128 422; x_wconf 81' lang='lat' dir='ltr'><strong>homines</strong></span> <span class='ocrx_word' id='word_1_35' title='bbox 1145 380 1279 422; x_wconf 87' lang='lat' dir='ltr'><strong>fidelis</strong></span> <span class='ocrx_word' id='word_1_36' title='bbox 1296 381 1448 430; x_wconf 55' lang='lat' dir='ltr'><strong>mittin</strong></span> <span class='ocrx_word' id='word_1_37' title='bbox 1467 381 1509 424; x_wconf 86' lang='lat' dir='ltr'><strong>in</strong></span> <span class='ocrx_word' id='word_1_38' title='bbox 1534 393 1554 420; x_wconf 79' lang='grc' dir='ltr'><strong>ο</strong></span> 
     </span>
     <span class='ocr_line' id='line_1_6' title="bbox 73 440 1512 495; baseline -0.001 -12"><span class='ocrx_word' id='word_1_39' title='bbox 73 442 164 495; x_wconf 86' lang='lat' dir='ltr'><strong>quis</strong></span> <span class='ocrx_word' id='word_1_40' title='bbox 195 440 408 483; x_wconf 82' lang='lat' dir='ltr'><strong>mollitiam</strong></span> <span class='ocrx_word' id='word_1_41' title='bbox 437 440 746 494; x_wconf 70' lang='lat' dir='ltr'><strong>socordiamque</strong></span> <span class='ocrx_word' id='word_1_42' title='bbox 775 440 855 480; x_wconf 84' lang='lat' dir='ltr'><strong>viri</strong></span> <span class='ocrx_word' id='word_1_43' title='bbox 885 453 1087 490; x_wconf 83' lang='lat' dir='ltr'><strong>accusare,</strong></span> <span class='ocrx_word' id='word_1_44' title='bbox 1119 440 1266 482; x_wconf 86' lang='lat' dir='ltr'><strong>testari</strong></span> <span class='ocrx_word' id='word_1_45' title='bbox 1295 440 1406 490; x_wconf 86' lang='lat' dir='ltr'><strong>deos,</strong></span> <span class='ocrx_word' id='word_1_46' title='bbox 1437 454 1512 495; x_wconf 88' lang='lat' dir='ltr'><strong>per</strong></span> 
     </span>
     <span class='ocr_line' id='line_1_7' title="bbox 73 499 1509 555; baseline -0.001 -13"><span class='ocrx_word' id='word_1_47' title='bbox 73 515 175 555; x_wconf 82' lang='lat' dir='ltr'><strong>quos</strong></span> <span class='ocrx_word' id='word_1_48' title='bbox 196 500 422 549; x_wconf 78' lang='lat' dir='ltr'><strong>iuravisset,</strong></span> <span class='ocrx_word' id='word_1_49' title='bbox 446 513 624 548; x_wconf 89' lang='lat' dir='ltr'><strong>monere,</strong></span> <span class='ocrx_word' id='word_1_50' title='bbox 648 514 699 541; x_wconf 92' lang='lat' dir='ltr'><strong>ne</strong></span> <span class='ocrx_word' id='word_1_51' title='bbox 721 499 904 554; x_wconf 78' lang='lat' dir='ltr'><strong>praemia</strong></span> <span class='ocrx_word' id='word_1_52' title='bbox 924 499 1077 541; x_wconf 76' lang='lat' dir='ltr'>Metelli</span> <span class='ocrx_word' id='word_1_53' title='bbox 1097 499 1141 541; x_wconf 90' lang='lat' dir='ltr'><strong>in</strong></span> <span class='ocrx_word' id='word_1_54' title='bbox 1161 506 1319 554; x_wconf 87' lang='lat' dir='ltr'><strong>pestem</strong></span> <span class='ocrx_word' id='word_1_55' title='bbox 1339 514 1509 542; x_wconf 79' lang='lat' dir='ltr'><strong>convor-</strong></span> 
     </span>
     <span class='ocr_line' id='line_1_8' title="bbox 74 559 1510 613; baseline 0.001 -12"><span class='ocrx_word' id='word_1_56' title='bbox 74 565 195 602; x_wconf 83' lang='lat' dir='ltr'><strong>teret:</strong></span> <span class='ocrx_word' id='word_1_57' title='bbox 229 560 451 613; x_wconf 71' lang='lat' dir='ltr'><strong>Iugurthae</strong></span> <span class='ocrx_word' id='word_1_58' title='bbox 485 559 656 601; x_wconf 84' lang='lat' dir='ltr'><strong>exitium</strong></span> <span class='ocrx_word' id='word_1_59' title='bbox 689 559 847 607; x_wconf 81' lang='lat' dir='ltr'><strong>adesse3</strong></span> <span class='ocrx_word' id='word_1_60' title='bbox 882 565 1077 610; x_wconf 84' lang='lat' dir='ltr'><strong>ceterum,</strong></span> <span class='ocrx_word' id='word_1_61' title='bbox 1110 572 1237 601; x_wconf 89' lang='lat' dir='ltr'><strong>suane</strong></span> <span class='ocrx_word' id='word_1_62' title='bbox 1271 573 1326 600; x_wconf 89' lang='lat' dir='ltr'><strong>an</strong></span> <span class='ocrx_word' id='word_1_63' title='bbox 1356 559 1510 602; x_wconf 83' lang='lat' dir='ltr'><strong>Metelli</strong></span> 
     </span>
     <span class='ocr_line' id='line_1_9' title="bbox 74 619 1510 673; baseline 0 -13"><span class='ocrx_word' id='word_1_64' title='bbox 74 620 226 661; x_wconf 79' lang='lat' dir='ltr'><strong>virtute</strong></span> <span class='ocrx_word' id='word_1_65' title='bbox 247 619 411 673; x_wconf 86' lang='lat' dir='ltr'><strong>periret,</strong></span> <span class='ocrx_word' id='word_1_66' title='bbox 435 619 479 659; x_wconf 90' lang='lat' dir='ltr'><strong>id</strong></span> <span class='ocrx_word' id='word_1_67' title='bbox 500 619 623 660; x_wconf 88' lang='lat' dir='ltr'><strong>modo</strong></span> <span class='ocrx_word' id='word_1_68' title='bbox 645 619 807 672; x_wconf 83' lang='lat' dir='ltr'><strong>agitari:</strong></span> <span class='ocrx_word' id='word_1_69' title='bbox 830 619 1001 673; x_wconf 79' lang='lat' dir='ltr'><strong>proinde</strong></span> <span class='ocrx_word' id='word_1_70' title='bbox 1023 624 1236 673; x_wconf 87' lang='lat' dir='ltr'><strong>reputaret</strong></span> <span class='ocrx_word' id='word_1_71' title='bbox 1256 633 1350 660; x_wconf 89' lang='lat' dir='ltr'><strong>cum</strong></span> <span class='ocrx_word' id='word_1_72' title='bbox 1373 620 1510 660; x_wconf 89' lang='lat' dir='ltr'><strong>animo</strong></span> 
     </span>
    </p>
   </div>
   <div class='ocr_carea' id='block_1_4' title="bbox 72 678 1583 732">
    <p class='ocr_par' dir='ltr' id='par_1_5' title="bbox 72 678 1583 732">
     <span class='ocr_line' id='line_1_10' title="bbox 72 678 1583 732; baseline 0 -12"><span class='ocrx_word' id='word_1_73' title='bbox 72 692 158 728; x_wconf 85' lang='lat' dir='ltr'><strong>suo,</strong></span> <span class='ocrx_word' id='word_1_74' title='bbox 175 679 357 732; x_wconf 86' lang='lat' dir='ltr'><strong>praemia</strong></span> <span class='ocrx_word' id='word_1_75' title='bbox 372 692 427 719; x_wconf 90' lang='lat' dir='ltr'><strong>an</strong></span> <span class='ocrx_word' id='word_1_76' title='bbox 441 679 669 720; x_wconf 86' lang='lat' dir='ltr'><strong>cruciatum</strong></span> <span class='ocrx_word' id='word_1_77' title='bbox 685 678 837 720; x_wconf 88' lang='lat' dir='ltr'><strong>mallet.</strong></span> <span class='ocrx_word' id='word_1_78' title='bbox 869 678 941 719; x_wconf 85' lang='lat' dir='ltr'><strong>sed</strong></span> <span class='ocrx_word' id='word_1_79' title='bbox 956 692 1050 719; x_wconf 91' lang='lat' dir='ltr'><strong>cum</strong></span> <span class='ocrx_word' id='word_1_80' title='bbox 1065 692 1138 720; x_wconf 90' lang='lat' dir='ltr'><strong>eae</strong></span> <span class='ocrx_word' id='word_1_81' title='bbox 1153 678 1315 720; x_wconf 76' lang='lat' dir='ltr'><strong>litterae</strong></span> <span class='ocrx_word' id='word_1_82' title='bbox 1331 679 1508 729; x_wconf 86' lang='lat' dir='ltr'><strong>adlatae,</strong></span> <span class='ocrx_word' id='word_1_83' title='bbox 1535 684 1583 720; x_wconf 75' lang='grc'><strong>71</strong></span> 
     </span>
    </p>
   </div>
   <div class='ocr_carea' id='block_1_5' title="bbox 66 737 1554 970">
    <p class='ocr_par' dir='ltr' id='par_1_6' title="bbox 66 737 1554 970">
     <span class='ocr_line' id='line_1_11' title="bbox 72 737 1554 792; baseline -0.001 -14"><span class='ocrx_word' id='word_1_84' title='bbox 72 738 177 779; x_wconf 77' lang='lat' dir='ltr'><strong>forte</strong></span> <span class='ocrx_word' id='word_1_85' title='bbox 199 737 409 778; x_wconf 76' lang='lat' dir='ltr'><strong>Nabdalsa</strong></span> <span class='ocrx_word' id='word_1_86' title='bbox 431 739 609 779; x_wconf 84' lang='lat' dir='ltr'><strong>exercito</strong></span> <span class='ocrx_word' id='word_1_87' title='bbox 630 752 799 792; x_wconf 86' lang='lat' dir='ltr'><strong>corpore</strong></span> <span class='ocrx_word' id='word_1_88' title='bbox 822 738 950 779; x_wconf 82' lang='lat' dir='ltr'><strong>fessus</strong></span> <span class='ocrx_word' id='word_1_89' title='bbox 972 738 1016 778; x_wconf 91' lang='lat' dir='ltr'><strong>in</strong></span> <span class='ocrx_word' id='word_1_90' title='bbox 1036 739 1143 779; x_wconf 88' lang='lat' dir='ltr'><strong>lecto</strong></span> <span class='ocrx_word' id='word_1_91' title='bbox 1167 738 1414 791; x_wconf 75' lang='lat' dir='ltr'><strong>quiescebat,</strong></span> <span class='ocrx_word' id='word_1_92' title='bbox 1437 739 1512 780; x_wconf 89' lang='lat' dir='ltr'><strong>ubi</strong></span> <span class='ocrx_word' id='word_1_93' title='bbox 1534 750 1554 776; x_wconf 80' lang='lat' dir='ltr'>z</span> 
     </span>
     <span class='ocr_line' id='line_1_12' title="bbox 68 797 1509 852; baseline 0.001 -14"><span class='ocrx_word' id='word_1_94' title='bbox 68 798 240 851; x_wconf 80' lang='lat' dir='ltr'><strong>cognitis</strong></span> <span class='ocrx_word' id='word_1_95' title='bbox 275 798 513 838; x_wconf 77' lang='lat' dir='ltr'>Bomilcaris</span> <span class='ocrx_word' id='word_1_96' title='bbox 546 797 681 838; x_wconf 81' lang='lat' dir='ltr'><strong>verbis</strong></span> <span class='ocrx_word' id='word_1_97' title='bbox 714 798 847 852; x_wconf 91' lang='lat' dir='ltr'><strong>primo</strong></span> <span class='ocrx_word' id='word_1_98' title='bbox 880 811 999 846; x_wconf 86' lang='lat' dir='ltr'><strong>cura,</strong></span> <span class='ocrx_word' id='word_1_99' title='bbox 1034 797 1180 839; x_wconf 87' lang='lat' dir='ltr'><strong>deinde</strong></span> <span class='ocrx_word' id='word_1_100' title='bbox 1194 831 1204 847; x_wconf 95' lang='lat'>‚</span> <span class='ocrx_word' id='word_1_101' title='bbox 1244 798 1308 839; x_wconf 90' lang='lat' dir='ltr'><strong>uti</strong></span> <span class='ocrx_word' id='word_1_102' title='bbox 1341 811 1509 852; x_wconf 83' lang='lat' dir='ltr'><strong>aegrum</strong></span> 
     </span>
     <span class='ocr_line' id='line_1_13' title="bbox 67 857 1552 911; baseline -0.001 -14"><span class='ocrx_word' id='word_1_103' title='bbox 67 857 249 898; x_wconf 89' lang='lat' dir='ltr'><strong>animum</strong></span> <span class='ocrx_word' id='word_1_104' title='bbox 261 857 378 907; x_wconf 90' lang='lat' dir='ltr'><strong>solet,</strong></span> <span class='ocrx_word' id='word_1_105' title='bbox 393 871 559 898; x_wconf 82' lang='lat' dir='ltr'><strong>somnus</strong></span> <span class='ocrx_word' id='word_1_106' title='bbox 572 858 692 910; x_wconf 88' lang='lat' dir='ltr'><strong>cepit.</strong></span> <span class='ocrx_word' id='word_1_107' title='bbox 722 863 811 898; x_wconf 88' lang='lat' dir='ltr'><strong>erat</strong></span> <span class='ocrx_word' id='word_1_108' title='bbox 823 857 860 898; x_wconf 90' lang='lat' dir='ltr'><strong>ei</strong></span> <span class='ocrx_word' id='word_1_109' title='bbox 872 857 1053 898; x_wconf 81' lang='lat' dir='ltr'><strong>Numida.</strong></span> <span class='ocrx_word' id='word_1_110' title='bbox 1067 857 1235 910; x_wconf 85' lang='lat' dir='ltr'><strong>quidam</strong></span> <span class='ocrx_word' id='word_1_111' title='bbox 1248 858 1506 911; x_wconf 83' lang='lat' dir='ltr'><strong>negotiorum</strong></span> <span class='ocrx_word' id='word_1_112' title='bbox 1533 869 1552 896; x_wconf 78' lang='lat' dir='ltr'><strong>s</strong></span> 
     </span>
     <span class='ocr_line' id='line_1_14' title="bbox 66 916 1506 970; baseline 0 -12"><span class='ocrx_word' id='word_1_113' title='bbox 66 922 242 966; x_wconf 86' lang='lat' dir='ltr'><strong>curator,</strong></span> <span class='ocrx_word' id='word_1_114' title='bbox 269 916 379 957; x_wconf 80' lang='lat' dir='ltr'><strong>fidus</strong></span> <span class='ocrx_word' id='word_1_115' title='bbox 405 922 676 970; x_wconf 87' lang='lat' dir='ltr'><strong>acceptusque</strong></span> <span class='ocrx_word' id='word_1_116' title='bbox 703 923 745 958; x_wconf 87' lang='lat' dir='ltr'><strong>et</strong></span> <span class='ocrx_word' id='word_1_117' title='bbox 770 918 954 958; x_wconf 88' lang='lat' dir='ltr'><strong>omnium</strong></span> <span class='ocrx_word' id='word_1_118' title='bbox 980 917 1240 958; x_wconf 86' lang='lat' dir='ltr'><strong>consiliorum</strong></span> <span class='ocrx_word' id='word_1_119' title='bbox 1266 917 1345 959; x_wconf 85' lang='lat' dir='ltr'><strong>nisi</strong></span> <span class='ocrx_word' id='word_1_120' title='bbox 1371 917 1506 958; x_wconf 84' lang='lat' dir='ltr'><strong>novis-</strong></span> 
     </span>
    </p>
   </div>
   <div class='ocr_carea' id='block_1_6' title="bbox 69 976 415 1030">
    <p class='ocr_par' dir='ltr' id='par_1_7' title="bbox 69 976 415 1030">
     <span class='ocr_line' id='line_1_15' title="bbox 69 976 415 1030; baseline 0.003 -14"><span class='ocrx_word' id='word_1_121' title='bbox 69 976 175 1017; x_wconf 85' lang='lat' dir='ltr'><strong>sumi</strong></span> <span class='ocrx_word' id='word_1_122' title='bbox 200 977 415 1030; x_wconf 60' lang='lat' dir='ltr'><strong>particeps</strong></span> 
     </span>
    </p>
   </div>
   <div class='ocr_carea' id='block_1_7' title="bbox 460 976 1551 1030">
    <p class='ocr_par' dir='ltr' id='par_1_8' title="bbox 460 976 1551 1030">
     <span class='ocr_line' id='line_1_16' title="bbox 460 976 1551 1030; baseline -0.002 -13"><span class='ocrx_word' id='word_1_123' title='bbox 460 977 544 1029; x_wconf 88' lang='lat' dir='ltr'><strong>qui,</strong></span> <span class='ocrx_word' id='word_1_124' title='bbox 574 982 793 1030; x_wconf 77' lang='lat' dir='ltr'><strong>postquam</strong></span> <span class='ocrx_word' id='word_1_125' title='bbox 821 977 982 1017; x_wconf 90' lang='lat' dir='ltr'><strong>adlatas</strong></span> <span class='ocrx_word' id='word_1_126' title='bbox 1007 977 1168 1018; x_wconf 74' lang='lat' dir='ltr'>litteras</span> <span class='ocrx_word' id='word_1_127' title='bbox 1196 976 1357 1018; x_wconf 83' lang='lat' dir='ltr'><strong>audivit</strong></span> <span class='ocrx_word' id='word_1_128' title='bbox 1383 983 1427 1018; x_wconf 89' lang='lat' dir='ltr'><strong>et</strong></span> <span class='ocrx_word' id='word_1_129' title='bbox 1453 991 1506 1019; x_wconf 83' lang='lat' dir='ltr'><strong>ex</strong></span> <span class='ocrx_word' id='word_1_130' title='bbox 1532 989 1551 1015; x_wconf 73' lang='lat'>4</span> 
     </span>
    </p>
   </div>
   <div class='ocr_carea' id='block_1_8' title="bbox 0 1036 1548 1566">
    <p class='ocr_par' dir='ltr' id='par_1_9' title="bbox 0 1036 1548 1566">
     <span class='ocr_line' id='line_1_17' title="bbox 65 1036 1502 1090; baseline 0 -14"><span class='ocrx_word' id='word_1_131' title='bbox 65 1036 359 1077; x_wconf 85' lang='lat' dir='ltr'><strong>consuetudine</strong></span> <span class='ocrx_word' id='word_1_132' title='bbox 384 1042 499 1076; x_wconf 87' lang='lat' dir='ltr'><strong>ratus</strong></span> <span class='ocrx_word' id='word_1_133' title='bbox 525 1050 648 1090; x_wconf 89' lang='lat' dir='ltr'><strong>opera</strong></span> <span class='ocrx_word' id='word_1_134' title='bbox 674 1042 748 1077; x_wconf 89' lang='lat' dir='ltr'><strong>aut</strong></span> <span class='ocrx_word' id='word_1_135' title='bbox 773 1036 935 1089; x_wconf 84' lang='lat' dir='ltr'><strong>ingenio</strong></span> <span class='ocrx_word' id='word_1_136' title='bbox 960 1050 1034 1077; x_wconf 89' lang='lat' dir='ltr'><strong>suo</strong></span> <span class='ocrx_word' id='word_1_137' title='bbox 1060 1050 1163 1090; x_wconf 88' lang='lat' dir='ltr'><strong>opus</strong></span> <span class='ocrx_word' id='word_1_138' title='bbox 1188 1050 1274 1078; x_wconf 88' lang='lat' dir='ltr'><strong>esse</strong></span> <span class='ocrx_word' id='word_1_139' title='bbox 1299 1037 1344 1077; x_wconf 90' lang='lat' dir='ltr'><strong>in</strong></span> <span class='ocrx_word' id='word_1_140' title='bbox 1367 1037 1502 1078; x_wconf 87' lang='lat' dir='ltr'><strong>taber·</strong></span> 
     </span>
     <span class='ocr_line' id='line_1_18' title="bbox 67 1095 1505 1150; baseline 0.001 -15"><span class='ocrx_word' id='word_1_141' title='bbox 67 1095 256 1136; x_wconf 75' lang='lat' dir='ltr'><strong>naculum</strong></span> <span class='ocrx_word' id='word_1_142' title='bbox 294 1096 465 1144; x_wconf 85' lang='lat' dir='ltr'><strong>introiit,</strong></span> <span class='ocrx_word' id='word_1_143' title='bbox 506 1095 734 1136; x_wconf 76' lang='lat' dir='ltr'><strong>dormiente</strong></span> <span class='ocrx_word' id='word_1_144' title='bbox 772 1096 841 1136; x_wconf 90' lang='lat' dir='ltr'><strong>illo</strong></span> <span class='ocrx_word' id='word_1_145' title='bbox 881 1096 1099 1149; x_wconf 83' lang='lat' dir='ltr'><strong>epistulam</strong></span> <span class='ocrx_word' id='word_1_146' title='bbox 1137 1110 1259 1150; x_wconf 85' lang='lat' dir='ltr'><strong>super</strong></span> <span class='ocrx_word' id='word_1_147' title='bbox 1296 1102 1423 1150; x_wconf 89' lang='lat' dir='ltr'><strong>caput</strong></span> <span class='ocrx_word' id='word_1_148' title='bbox 1462 1097 1505 1137; x_wconf 88' lang='lat' dir='ltr'><strong>in</strong></span> 
     </span>
     <span class='ocr_line' id='line_1_19' title="bbox 64 1154 1507 1209; baseline 0.001 -14"><span class='ocrx_word' id='word_1_149' title='bbox 64 1154 233 1207; x_wconf 74' lang='lat' dir='ltr'><strong>pulvino</strong></span> <span class='ocrx_word' id='word_1_150' title='bbox 251 1161 403 1195; x_wconf 82' lang='lat' dir='ltr'><strong>temere</strong></span> <span class='ocrx_word' id='word_1_151' title='bbox 423 1155 600 1208; x_wconf 78' lang='lat' dir='ltr'><strong>positam</strong></span> <span class='ocrx_word' id='word_1_152' title='bbox 618 1156 745 1196; x_wconf 88' lang='lat' dir='ltr'><strong>sumit</strong></span> <span class='ocrx_word' id='word_1_153' title='bbox 762 1160 809 1196; x_wconf 71' lang='lat' dir='ltr'><strong>ab</strong></span> <span class='ocrx_word' id='word_1_154' title='bbox 827 1156 1011 1209; x_wconf 74' lang='lat' dir='ltr'><strong>perlegit,</strong></span> <span class='ocrx_word' id='word_1_155' title='bbox 1033 1155 1127 1196; x_wconf 88' lang='lat' dir='ltr'><strong>dein</strong></span> <span class='ocrx_word' id='word_1_156' title='bbox 1145 1170 1316 1209; x_wconf 86' lang='lat' dir='ltr'><strong>propere</strong></span> <span class='ocrx_word' id='word_1_157' title='bbox 1334 1156 1507 1209; x_wconf 75' lang='lat' dir='ltr'><strong>cognitis</strong></span> 
     </span>
     <span class='ocr_line' id='line_1_20' title="bbox 0 1213 1548 1269; baseline 0 -15"><span class='ocrx_word' id='word_1_158' title='bbox 0 1218 3 1219; x_wconf 50' lang='lat'><em>⁷</em></span> <span class='ocrx_word' id='word_1_159' title='bbox 61 1214 216 1255; x_wconf 81' lang='lat' dir='ltr'><strong>insidiis</strong></span> <span class='ocrx_word' id='word_1_160' title='bbox 238 1214 293 1255; x_wconf 89' lang='lat' dir='ltr'><strong>ad</strong></span> <span class='ocrx_word' id='word_1_161' title='bbox 314 1228 450 1267; x_wconf 89' lang='lat' dir='ltr'><strong>regem</strong></span> <span class='ocrx_word' id='word_1_162' title='bbox 473 1215 616 1268; x_wconf 83' lang='lat' dir='ltr'><strong>pergit.</strong></span> <span class='ocrx_word' id='word_1_163' title='bbox 655 1213 865 1255; x_wconf 78' lang='lat' dir='ltr'><strong>Nabdalsa</strong></span> <span class='ocrx_word' id='word_1_164' title='bbox 886 1216 1010 1268; x_wconf 89' lang='lat' dir='ltr'><strong>paulo</strong></span> <span class='ocrx_word' id='word_1_165' title='bbox 1031 1221 1127 1268; x_wconf 86' lang='lat' dir='ltr'><strong>post</strong></span> <span class='ocrx_word' id='word_1_166' title='bbox 1148 1221 1411 1269; x_wconf 77' lang='lat' dir='ltr'><strong>experrectus</strong></span> <span class='ocrx_word' id='word_1_167' title='bbox 1433 1215 1503 1256; x_wconf 85' lang='lat' dir='ltr'><strong>ubi</strong></span> <span class='ocrx_word' id='word_1_168' title='bbox 1529 1228 1548 1254; x_wconf 83' lang='lat'>⁵</span> 
     </span>
     <span class='ocr_line' id='line_1_21' title="bbox 61 1274 1500 1328; baseline 0.002 -15"><span class='ocrx_word' id='word_1_169' title='bbox 61 1286 191 1326; x_wconf 86' lang='lat' dir='ltr'><strong>neque</strong></span> <span class='ocrx_word' id='word_1_170' title='bbox 210 1274 428 1327; x_wconf 86' lang='lat' dir='ltr'><strong>epistulam</strong></span> <span class='ocrx_word' id='word_1_171' title='bbox 446 1274 626 1327; x_wconf 82' lang='lat' dir='ltr'><strong>repperit</strong></span> <span class='ocrx_word' id='word_1_172' title='bbox 643 1280 687 1315; x_wconf 88' lang='lat' dir='ltr'><strong>et</strong></span> <span class='ocrx_word' id='word_1_173' title='bbox 704 1287 791 1315; x_wconf 88' lang='lat' dir='ltr'><strong>rem</strong></span> <span class='ocrx_word' id='word_1_174' title='bbox 810 1288 974 1315; x_wconf 88' lang='lat' dir='ltr'><strong>omnem</strong></span> <span class='ocrx_word' id='word_1_175' title='bbox 990 1275 1055 1315; x_wconf 90' lang='lat' dir='ltr'><strong>uti</strong></span> <span class='ocrx_word' id='word_1_176' title='bbox 1072 1280 1167 1316; x_wconf 85' lang='lat' dir='ltr'><strong>acta</strong></span> <span class='ocrx_word' id='word_1_177' title='bbox 1184 1280 1276 1316; x_wconf 88' lang='lat' dir='ltr'><strong>erat</strong></span> <span class='ocrx_word' id='word_1_178' title='bbox 1293 1275 1500 1328; x_wconf 82' lang='lat' dir='ltr'><strong>cognovit,</strong></span> 
     </span>
     <span class='ocr_line' id='line_1_22' title="bbox 59 1332 1496 1387; baseline 0.002 -15"><span class='ocrx_word' id='word_1_179' title='bbox 59 1333 190 1385; x_wconf 85' lang='lat' dir='ltr'><strong>primo</strong></span> <span class='ocrx_word' id='word_1_180' title='bbox 225 1332 399 1374; x_wconf 87' lang='lat' dir='ltr'><strong>indicem</strong></span> <span class='ocrx_word' id='word_1_181' title='bbox 434 1333 622 1386; x_wconf 86' lang='lat' dir='ltr'><strong>persequi</strong></span> <span class='ocrx_word' id='word_1_182' title='bbox 657 1339 841 1382; x_wconf 87' lang='lat' dir='ltr'><strong>conatus,</strong></span> <span class='ocrx_word' id='word_1_183' title='bbox 878 1340 1100 1387; x_wconf 86' lang='lat' dir='ltr'><strong>postquam</strong></span> <span class='ocrx_word' id='word_1_184' title='bbox 1135 1334 1178 1374; x_wconf 90' lang='lat' dir='ltr'><strong>id</strong></span> <span class='ocrx_word' id='word_1_185' title='bbox 1213 1335 1369 1375; x_wconf 75' lang='lat' dir='ltr'><strong>frustra</strong></span> <span class='ocrx_word' id='word_1_186' title='bbox 1403 1334 1496 1384; x_wconf 76' lang='lat' dir='ltr'><strong>fuit,</strong></span> 
     </span>
     <span class='ocr_line' id='line_1_23' title="bbox 58 1390 1497 1447; baseline 0.003 -16"><span class='ocrx_word' id='word_1_187' title='bbox 58 1390 301 1444; x_wconf 84' lang='lat' dir='ltr'><strong>Iugurtham</strong></span> <span class='ocrx_word' id='word_1_188' title='bbox 322 1392 512 1445; x_wconf 83' lang='lat' dir='ltr'><strong>placandi</strong></span> <span class='ocrx_word' id='word_1_189' title='bbox 534 1393 666 1446; x_wconf 87' lang='lat' dir='ltr'><strong>gratia</strong></span> <span class='ocrx_word' id='word_1_190' title='bbox 689 1392 863 1441; x_wconf 87' lang='lat' dir='ltr'><strong>accedit;</strong></span> <span class='ocrx_word' id='word_1_191' title='bbox 889 1393 1002 1442; x_wconf 84' lang='lat' dir='ltr'><strong>dicit,</strong></span> <span class='ocrx_word' id='word_1_192' title='bbox 1027 1407 1133 1446; x_wconf 85' lang='lat' dir='ltr'><strong>quae</strong></span> <span class='ocrx_word' id='word_1_193' title='bbox 1156 1394 1244 1447; x_wconf 85' lang='lat' dir='ltr'><strong>ipse</strong></span> <span class='ocrx_word' id='word_1_194' title='bbox 1267 1394 1497 1447; x_wconf 82' lang='lat' dir='ltr'><strong>paravisset</strong></span> 
     </span>
     <span class='ocr_line' id='line_1_24' title="bbox 57 1450 1498 1506; baseline 0.003 -15"><span class='ocrx_word' id='word_1_195' title='bbox 57 1450 202 1501; x_wconf 83' lang='lat' dir='ltr'><strong>facere,</strong></span> <span class='ocrx_word' id='word_1_196' title='bbox 236 1452 407 1504; x_wconf 85' lang='lat' dir='ltr'><strong>perfidia</strong></span> <span class='ocrx_word' id='word_1_197' title='bbox 438 1452 597 1493; x_wconf 83' lang='lat' dir='ltr'><strong>clientis</strong></span> <span class='ocrx_word' id='word_1_198' title='bbox 628 1452 692 1493; x_wconf 90' lang='lat' dir='ltr'><strong>sui</strong></span> <span class='ocrx_word' id='word_1_199' title='bbox 723 1459 965 1506; x_wconf 88' lang='lat' dir='ltr'><strong>praeventa;</strong></span> <span class='ocrx_word' id='word_1_200' title='bbox 999 1453 1230 1494; x_wconf 83' lang='lat' dir='ltr'><strong>lacrumans</strong></span> <span class='ocrx_word' id='word_1_201' title='bbox 1262 1453 1498 1495; x_wconf 80' lang='lat' dir='ltr'><strong>obtestatur</strong></span> 
     </span>
     <span class='ocr_line' id='line_1_25' title="bbox 60 1511 1499 1566; baseline 0.003 -15"><span class='ocrx_word' id='word_1_202' title='bbox 60 1524 134 1562; x_wconf 89' lang='lat' dir='ltr'><strong>per</strong></span> <span class='ocrx_word' id='word_1_203' title='bbox 161 1511 384 1552; x_wconf 86' lang='lat' dir='ltr'><strong>amicitiam</strong></span> <span class='ocrx_word' id='word_1_204' title='bbox 412 1525 563 1565; x_wconf 86' lang='lat' dir='ltr'><strong>perque</strong></span> <span class='ocrx_word' id='word_1_205' title='bbox 592 1525 667 1553; x_wconf 87' lang='lat' dir='ltr'><strong>sua</strong></span> <span class='ocrx_word' id='word_1_206' title='bbox 696 1518 820 1553; x_wconf 87' lang='lat' dir='ltr'><strong>antea</strong></span> <span class='ocrx_word' id='word_1_207' title='bbox 848 1512 1026 1554; x_wconf 84' lang='lat' dir='ltr'><strong>fideliter</strong></span> <span class='ocrx_word' id='word_1_208' title='bbox 1054 1519 1161 1562; x_wconf 87' lang='lat' dir='ltr'><strong>acta,</strong></span> <span class='ocrx_word' id='word_1_209' title='bbox 1193 1527 1244 1554; x_wconf 93' lang='lat' dir='ltr'><strong>ne</strong></span> <span class='ocrx_word' id='word_1_210' title='bbox 1272 1526 1395 1566; x_wconf 88' lang='lat' dir='ltr'><strong>super</strong></span> <span class='ocrx_word' id='word_1_211' title='bbox 1422 1513 1499 1555; x_wconf 86' lang='lat' dir='ltr'><strong>tali</strong></span> 
     </span>
    </p>
   </div>
   <div class='ocr_carea' id='block_1_9' title="bbox 55 1601 743 2170">
    <p class='ocr_par' dir='ltr' id='par_1_10' title="bbox 57 1601 742 1691">
     <span class='ocr_line' id='line_1_26' title="bbox 57 1601 742 1649; baseline 0.003 -13"><span class='ocrx_word' id='word_1_212' title='bbox 57 1601 174 1637; x_wconf 81' lang='lat' dir='ltr'><strong>absol.</strong></span> <span class='ocrx_word' id='word_1_213' title='bbox 196 1602 307 1638; x_wconf 81' lang='lat' dir='ltr'><strong>ohne</strong></span> <span class='ocrx_word' id='word_1_214' title='bbox 327 1602 434 1637; x_wconf 80' lang='lat' dir='ltr'><strong>dass</strong></span> <span class='ocrx_word' id='word_1_215' title='bbox 522 1613 622 1644; x_wconf 85' lang='lat' dir='ltr'><strong>;zur</strong></span> <span class='ocrx_word' id='word_1_216' title='bbox 642 1614 742 1649; x_wconf 84' lang='lat' dir='ltr'><strong>pass.</strong></span> 
     </span>
     <span class='ocr_line' id='line_1_27' title="bbox 59 1648 668 1691; baseline 0.003 -7"><span class='ocrx_word' id='word_1_217' title='bbox 59 1648 148 1684; x_wconf 86' lang='lat' dir='ltr'><strong>Bed.</strong></span> <span class='ocrx_word' id='word_1_218' title='bbox 183 1661 258 1685; x_wconf 82' lang='lat' dir='ltr'><strong>von</strong></span> <span class='ocrx_word' id='word_1_219' title='bbox 294 1649 448 1685; x_wconf 72' lang='lat' dir='ltr'><strong>inultus</strong></span> <span class='ocrx_word' id='word_1_220' title='bbox 477 1661 508 1686; x_wconf 89' lang='lat' dir='ltr'><strong>s.</strong></span> <span class='ocrx_word' id='word_1_221' title='bbox 541 1651 601 1691; x_wconf 91' lang='grc'><strong>58,</strong></span> <span class='ocrx_word' id='word_1_222' title='bbox 633 1653 668 1686; x_wconf 87' lang='grc'><strong>5.</strong></span> 
     </span>
    </p>

    <p class='ocr_par' dir='ltr' id='par_1_11' title="bbox 55 1697 743 2163">
     <span class='ocr_line' id='line_1_28' title="bbox 103 1697 742 1734; baseline 0.002 -2"><span class='ocrx_word' id='word_1_223' title='bbox 103 1699 136 1732; x_wconf 86' lang='lat'><strong>5.</strong></span> <span class='ocrx_word' id='word_1_224' title='bbox 162 1702 307 1733; x_wconf 75' lang='lat' dir='ltr'><strong>metus:</strong></span> <span class='ocrx_word' id='word_1_225' title='bbox 332 1697 498 1732; x_wconf 81' lang='lat' dir='ltr'><strong>nachher</strong></span> <span class='ocrx_word' id='word_1_226' title='bbox 522 1698 642 1734; x_wconf 84' lang='lat' dir='ltr'><strong>timor</strong></span> <span class='ocrx_word' id='word_1_227' title='bbox 665 1709 742 1734; x_wconf 86' lang='lat' dir='ltr'><strong>von</strong></span> 
     </span>
     <span class='ocr_line' id='line_1_29' title="bbox 56 1743 739 1781; baseline 0.003 -2"><span class='ocrx_word' id='word_1_228' title='bbox 56 1743 250 1780; x_wconf 79' lang='lat' dir='ltr'><strong>derselben</strong></span> <span class='ocrx_word' id='word_1_229' title='bbox 276 1745 394 1781; x_wconf 85' lang='lat' dir='ltr'><strong>Sache</strong></span> <span class='ocrx_word' id='word_1_230' title='bbox 419 1756 494 1781; x_wconf 84' lang='lat' dir='ltr'><strong>von</strong></span> <span class='ocrx_word' id='word_1_231' title='bbox 516 1747 637 1781; x_wconf 81' lang='lat' dir='ltr'><strong>seiten</strong></span> <span class='ocrx_word' id='word_1_232' title='bbox 659 1745 739 1781; x_wconf 87' lang='lat' dir='ltr'><strong>der-</strong></span> 
     </span>
     <span class='ocr_line' id='line_1_30' title="bbox 57 1791 739 1838; baseline 0.003 -11"><span class='ocrx_word' id='word_1_233' title='bbox 57 1791 184 1827; x_wconf 81' lang='lat' dir='ltr'><strong>selben</strong></span> <span class='ocrx_word' id='word_1_234' title='bbox 200 1793 356 1834; x_wconf 77' lang='lat' dir='ltr'><strong>Persem</strong></span> <span class='ocrx_word' id='word_1_235' title='bbox 374 1792 436 1828; x_wconf 88' lang='lat' dir='ltr'><strong>die</strong></span> <span class='ocrx_word' id='word_1_236' title='bbox 455 1793 595 1838; x_wconf 83' lang='lat' dir='ltr'><strong>Synon.</strong></span> <span class='ocrx_word' id='word_1_237' title='bbox 614 1798 739 1829; x_wconf 83' lang='lat' dir='ltr'><strong>unter-</strong></span> 
     </span>
     <span class='ocr_line' id='line_1_31' title="bbox 56 1839 742 1881; baseline 0.003 -7"><span class='ocrx_word' id='word_1_238' title='bbox 56 1839 232 1875; x_wconf 78' lang='lat' dir='ltr'><strong>scheiden</strong></span> <span class='ocrx_word' id='word_1_239' title='bbox 253 1839 334 1876; x_wconf 84' lang='lat' dir='ltr'><strong>sich</strong></span> <span class='ocrx_word' id='word_1_240' title='bbox 354 1852 409 1881; x_wconf 84' lang='lat' dir='ltr'><strong>se,</strong></span> <span class='ocrx_word' id='word_1_241' title='bbox 433 1839 509 1875; x_wconf 75' lang='lat' dir='ltr'><strong>dass</strong></span> <span class='ocrx_word' id='word_1_242' title='bbox 532 1846 658 1877; x_wconf 77' lang='lat' dir='ltr'><strong>metus</strong></span> <span class='ocrx_word' id='word_1_243' title='bbox 680 1841 742 1876; x_wconf 89' lang='lat' dir='ltr'><strong>die</strong></span> 
     </span>
     <span class='ocr_line' id='line_1_32' title="bbox 58 1886 740 1934; baseline 0.004 -13"><span class='ocrx_word' id='word_1_244' title='bbox 58 1887 110 1921; x_wconf 83' lang='lat' dir='ltr'><strong>im</strong></span> <span class='ocrx_word' id='word_1_245' title='bbox 126 1886 261 1923; x_wconf 84' lang='lat' dir='ltr'><strong>Wesen</strong></span> <span class='ocrx_word' id='word_1_246' title='bbox 276 1887 343 1923; x_wconf 87' lang='lat' dir='ltr'><strong>der</strong></span> <span class='ocrx_word' id='word_1_247' title='bbox 362 1887 481 1924; x_wconf 81' lang='lat' dir='ltr'><strong>Sache</strong></span> <span class='ocrx_word' id='word_1_248' title='bbox 497 1887 740 1934; x_wconf 60' lang='lat' dir='ltr'><strong>bega-findam,</strong></span> 
     </span>
     <span class='ocr_line' id='line_1_33' title="bbox 57 1934 743 1972; baseline 0.004 -3"><span class='ocrx_word' id='word_1_249' title='bbox 57 1945 127 1969; x_wconf 77' lang='lat' dir='ltr'><strong>aus</strong></span> <span class='ocrx_word' id='word_1_250' title='bbox 155 1934 242 1970; x_wconf 83' lang='lat' dir='ltr'><strong>dem</strong></span> <span class='ocrx_word' id='word_1_251' title='bbox 274 1935 471 1971; x_wconf 82' lang='lat' dir='ltr'><strong>Ermeasen</strong></span> <span class='ocrx_word' id='word_1_252' title='bbox 501 1935 568 1971; x_wconf 87' lang='lat' dir='ltr'><strong>der</strong></span> <span class='ocrx_word' id='word_1_253' title='bbox 601 1935 743 1972; x_wconf 84' lang='lat' dir='ltr'><strong>Geiahr</strong></span> 
     </span>
     <span class='ocr_line' id='line_1_34' title="bbox 58 1981 740 2030; baseline 0.004 -14"><span class='ocrx_word' id='word_1_254' title='bbox 58 1981 292 2028; x_wconf 70' lang='lat' dir='ltr'><strong>abgeleitete,</strong></span> <span class='ocrx_word' id='word_1_255' title='bbox 343 1982 462 2019; x_wconf 71' lang='lat' dir='ltr'><strong>timor</strong></span> <span class='ocrx_word' id='word_1_256' title='bbox 509 1982 571 2018; x_wconf 85' lang='lat' dir='ltr'><strong>die</strong></span> <span class='ocrx_word' id='word_1_257' title='bbox 619 1985 740 2030; x_wconf 83' lang='lat' dir='ltr'><strong>einge-</strong></span> 
     </span>
     <span class='ocr_line' id='line_1_35' title="bbox 59 2029 740 2072; baseline 0.005 -8"><span class='ocrx_word' id='word_1_258' title='bbox 59 2029 209 2072; x_wconf 70' lang='lat' dir='ltr'><strong>bildete,</strong></span> <span class='ocrx_word' id='word_1_259' title='bbox 224 2030 285 2066; x_wconf 89' lang='lat' dir='ltr'><strong>die</strong></span> <span class='ocrx_word' id='word_1_260' title='bbox 303 2029 443 2066; x_wconf 81' lang='lat' dir='ltr'><strong>Geiahr</strong></span> <span class='ocrx_word' id='word_1_261' title='bbox 456 2029 740 2067; x_wconf 63' lang='lat' dir='ltr'><strong>ubet-schamen·</strong></span> 
     </span>
     <span class='ocr_line' id='line_1_36' title="bbox 55 2077 742 2119; baseline 0.004 -7"><span class='ocrx_word' id='word_1_262' title='bbox 55 2077 104 2112; x_wconf 86' lang='lat' dir='ltr'><strong>de</strong></span> <span class='ocrx_word' id='word_1_263' title='bbox 126 2077 270 2113; x_wconf 80' lang='lat' dir='ltr'><strong>Furcht</strong></span> <span class='ocrx_word' id='word_1_264' title='bbox 292 2077 524 2119; x_wconf 56' lang='lat' dir='ltr'><strong>bezeichnen</strong></span> <span class='ocrx_word' id='word_1_265' title='bbox 548 2078 742 2115; x_wconf 78' lang='lat' dir='ltr'><strong>Nabdalsa</strong></span> 
     </span>
     <span class='ocr_line' id='line_1_37' title="bbox 56 2125 739 2170; baseline 0.004 -10"><span class='ocrx_word' id='word_1_266' title='bbox 56 2125 246 2161; x_wconf 85' lang='lat' dir='ltr'><strong>erscheint</strong></span> <span class='ocrx_word' id='word_1_267' title='bbox 283 2125 370 2162; x_wconf 88' lang='lat' dir='ltr'><strong>dem</strong></span> <span class='ocrx_word' id='word_1_268' title='bbox 410 2125 517 2162; x_wconf 88' lang='lat' dir='ltr'><strong>Bom.</strong></span> <span class='ocrx_word' id='word_1_269' title='bbox 561 2126 739 2170; x_wconf 74' lang='lat' dir='ltr'><strong>timidus,</strong></span> 
     </span>
    </p>
   </div>
   <div class='ocr_carea' id='block_1_10' title="bbox 54 2173 740 2315">
    <p class='ocr_par' dir='ltr' id='par_1_12' title="bbox 54 2173 740 2306">
     <span class='ocr_line' id='line_1_38' title="bbox 54 2173 740 2222; baseline 0.006 -15"><span class='ocrx_word' id='word_1_270' title='bbox 54 2173 137 2208; x_wconf 79' lang='lat' dir='ltr'><strong>sicli</strong></span> <span class='ocrx_word' id='word_1_271' title='bbox 181 2173 300 2209; x_wconf 81' lang='lat' dir='ltr'><strong>aelbst</strong></span> <span class='ocrx_word' id='word_1_272' title='bbox 577 2194 623 2200; x_wconf 89' lang='lat'><strong>-—</strong></span> <span class='ocrx_word' id='word_1_273' title='bbox 669 2187 740 2222; x_wconf 78' lang='lat' dir='ltr'><strong>que</strong></span> 
     </span>
     <span class='ocr_line' id='line_1_39' title="bbox 55 2219 640 2267; baseline 0.004 -12"><span class='ocrx_word' id='word_1_274' title='bbox 55 2221 109 2255; x_wconf 88' lang='lat' dir='ltr'><strong>ist</strong></span> <span class='ocrx_word' id='word_1_275' title='bbox 138 2219 308 2267; x_wconf 79' lang='lat' dir='ltr'><strong>folgernd</strong></span> <span class='ocrx_word' id='word_1_276' title='bbox 340 2237 378 2251; x_wconf 91' lang='lat'>=</span> <span class='ocrx_word' id='word_1_277' title='bbox 414 2221 506 2257; x_wconf 84' lang='lat' dir='ltr'><strong>‘und</strong></span> <span class='ocrx_word' id='word_1_278' title='bbox 537 2222 640 2257; x_wconf 83' lang='lat' dir='ltr'><strong>nun&#39;.</strong></span> 
     </span>
     <span class='ocr_line' id='line_1_40' title="bbox 104 2269 740 2315; baseline 0.005 -12"><span class='ocrx_word' id='word_1_279' title='bbox 104 2270 208 2304; x_wconf 77' lang='lat' dir='ltr'><strong>venit</strong></span> <span class='ocrx_word' id='word_1_280' title='bbox 243 2296 251 2303; x_wconf 92' lang='lat'><strong>.</strong></span> <span class='ocrx_word' id='word_1_281' title='bbox 334 2296 342 2304; x_wconf 92' lang='lat'><strong>.</strong></span> <span class='ocrx_word' id='word_1_282' title='bbox 380 2270 436 2305; x_wconf 83' lang='lat' dir='ltr'><strong>im</strong></span> <span class='ocrx_word' id='word_1_283' title='bbox 437 2269 638 2315; x_wconf 74' lang='lat' dir='ltr'><strong>pediebae:</strong></span> <span class='ocrx_word' id='word_1_284' title='bbox 670 2270 740 2306; x_wconf 83' lang='lat' dir='ltr'><strong>das</strong></span> 
     </span>
    </p>
   </div>
   <div class='ocr_carea' id='block_1_11' title="bbox 52 2314 740 2694">
    <p class='ocr_par' dir='ltr' id='par_1_13' title="bbox 52 2314 740 2694">
     <span class='ocr_line' id='line_1_41' title="bbox 56 2314 739 2364; baseline 0.003 -13"><span class='ocrx_word' id='word_1_285' title='bbox 56 2314 185 2362; x_wconf 82' lang='lat' dir='ltr'><strong>Temp.</strong></span> <span class='ocrx_word' id='word_1_286' title='bbox 208 2316 274 2351; x_wconf 86' lang='lat' dir='ltr'><strong>der</strong></span> <span class='ocrx_word' id='word_1_287' title='bbox 298 2317 591 2364; x_wconf 77' lang='lat' dir='ltr'><strong>unvollmgenen</strong></span> <span class='ocrx_word' id='word_1_288' title='bbox 611 2317 739 2353; x_wconf 84' lang='lat' dir='ltr'><strong>Hand</strong></span> 
     </span>
     <span class='ocr_line' id='line_1_42' title="bbox 54 2328 740 2412; baseline 0.006 -14"><span class='ocrx_word' id='word_1_289' title='bbox 54 2328 175 2410; x_wconf 82' lang='lat' dir='ltr'><strong>lungp</strong></span> <span class='ocrx_word' id='word_1_290' title='bbox 194 2364 295 2407; x_wconf 88' lang='lat' dir='ltr'><strong>(dem</strong></span> <span class='ocrx_word' id='word_1_291' title='bbox 339 2364 396 2399; x_wconf 91' lang='lat' dir='ltr'><strong>Pi.</strong></span> <span class='ocrx_word' id='word_1_292' title='bbox 439 2364 530 2402; x_wconf 84' lang='lat' dir='ltr'><strong>hist.</strong></span> <span class='ocrx_word' id='word_1_293' title='bbox 573 2365 740 2412; x_wconf 75' lang='lat' dir='ltr'><strong>folgend)</strong></span> 
     </span>
     <span class='ocr_line' id='line_1_43' title="bbox 52 2412 612 2458; baseline 0.004 -12"><span class='ocrx_word' id='word_1_294' title='bbox 52 2412 150 2447; x_wconf 85' lang='lat' dir='ltr'><strong>nach</strong></span> <span class='ocrx_word' id='word_1_295' title='bbox 174 2418 395 2458; x_wconf 79' lang='lat' dir='ltr'><strong>postquam,</strong></span> <span class='ocrx_word' id='word_1_296' title='bbox 421 2424 468 2447; x_wconf 89' lang='grc' dir='ltr'><strong>ιιι</strong></span> <span class='ocrx_word' id='word_1_297' title='bbox 491 2413 552 2453; x_wconf 86' lang='grc'><strong>28,</strong></span> <span class='ocrx_word' id='word_1_298' title='bbox 578 2414 612 2448; x_wconf 97' lang='grc'><strong>2.</strong></span> 
     </span>
     <span class='ocr_line' id='line_1_44' title="bbox 101 2459 738 2506; baseline 0.003 -12"><span class='ocrx_word' id='word_1_299' title='bbox 101 2459 258 2496; x_wconf 77' lang='lat' dir='ltr'><strong>timore:</strong></span> <span class='ocrx_word' id='word_1_300' title='bbox 281 2460 416 2506; x_wconf 71' lang='lat' dir='ltr'><strong>gehort</strong></span> <span class='ocrx_word' id='word_1_301' title='bbox 436 2460 491 2495; x_wconf 82' lang='lat' dir='ltr'><strong>als</strong></span> <span class='ocrx_word' id='word_1_302' title='bbox 515 2459 599 2495; x_wconf 87' lang='lat' dir='ltr'><strong>Abl.</strong></span> <span class='ocrx_word' id='word_1_303' title='bbox 623 2471 738 2502; x_wconf 79' lang='lat' dir='ltr'><strong>caus..</strong></span> 
     </span>
     <span class='ocr_line' id='line_1_45' title="bbox 55 2507 738 2552; baseline 0.007 -12"><span class='ocrx_word' id='word_1_304' title='bbox 55 2517 187 2542; x_wconf 82' lang='lat' dir='ltr'><strong>wovou</strong></span> <span class='ocrx_word' id='word_1_305' title='bbox 202 2508 285 2544; x_wconf 83' lang='lat' dir='ltr'><strong>soci</strong></span> <span class='ocrx_word' id='word_1_306' title='bbox 299 2508 355 2542; x_wconf 85' lang='lat' dir='ltr'><strong>als</strong></span> <span class='ocrx_word' id='word_1_307' title='bbox 378 2507 612 2552; x_wconf 82' lang='lat' dir='ltr'><strong>subjektiver</strong></span> <span class='ocrx_word' id='word_1_308' title='bbox 629 2508 738 2545; x_wconf 86' lang='lat' dir='ltr'><strong>Geni-</strong></span> 
     </span>
     <span class='ocr_line' id='line_1_46' title="bbox 54 2554 739 2601; baseline 0.007 -14"><span class='ocrx_word' id='word_1_309' title='bbox 54 2554 111 2587; x_wconf 86' lang='lat' dir='ltr'><strong>tiv</strong></span> <span class='ocrx_word' id='word_1_310' title='bbox 137 2554 315 2601; x_wconf 65' lang='lat' dir='ltr'><strong>abhfingt,</strong></span> <span class='ocrx_word' id='word_1_311' title='bbox 344 2567 389 2590; x_wconf 90' lang='lat' dir='ltr'><strong>zu</strong></span> <span class='ocrx_word' id='word_1_312' title='bbox 415 2555 580 2597; x_wconf 72' lang='lat' dir='ltr'><strong>anxius,</strong></span> <span class='ocrx_word' id='word_1_313' title='bbox 606 2555 739 2592; x_wconf 86' lang='lat' dir='ltr'><strong>dessen</strong></span> 
     </span>
     <span class='ocr_line' id='line_1_47' title="bbox 54 2600 736 2640; baseline 0.004 -5"><span class='ocrx_word' id='word_1_314' title='bbox 54 2600 184 2636; x_wconf 83' lang='lat' dir='ltr'><strong>Inhalt</strong></span> <span class='ocrx_word' id='word_1_315' title='bbox 195 2602 262 2638; x_wconf 87' lang='lat' dir='ltr'><strong>der</strong></span> <span class='ocrx_word' id='word_1_316' title='bbox 276 2603 367 2638; x_wconf 84' lang='lat' dir='ltr'><strong>Satz</strong></span> <span class='ocrx_word' id='word_1_317' title='bbox 380 2604 452 2638; x_wconf 90' lang='lat' dir='ltr'><strong>mit</strong></span> <span class='ocrx_word' id='word_1_318' title='bbox 466 2614 514 2638; x_wconf 80' lang='lat' dir='ltr'><strong>ne</strong></span> <span class='ocrx_word' id='word_1_319' title='bbox 529 2602 736 2640; x_wconf 83' lang='lat' dir='ltr'><strong>bestimmt.</strong></span> 
     </span>
     <span class='ocr_line' id='line_1_48' title="bbox 105 2648 734 2694; baseline 0.006 -12"><span class='ocrx_word' id='word_1_320' title='bbox 105 2648 337 2694; x_wconf 71' lang='lat' dir='ltr'><strong>luqmehae:</strong></span> <span class='ocrx_word' id='word_1_321' title='bbox 364 2651 429 2686; x_wconf 76' lang='lat' dir='ltr'><strong>der</strong></span> <span class='ocrx_word' id='word_1_322' title='bbox 456 2651 582 2686; x_wconf 77' lang='lat' dir='ltr'><strong>Kasus</strong></span> <span class='ocrx_word' id='word_1_323' title='bbox 609 2662 654 2686; x_wconf 85' lang='lat' dir='ltr'><strong>zu</strong></span> <span class='ocrx_word' id='word_1_324' title='bbox 681 2664 734 2686; x_wconf 85' lang='lat' dir='ltr'><strong>er-</strong></span> 
     </span>
    </p>
   </div>
   <div class='ocr_carea' id='block_1_12' title="bbox 806 1603 1505 2688">
    <p class='ocr_par' dir='ltr' id='par_1_14' title="bbox 811 1603 1502 1687">
     <span class='ocr_line' id='line_1_49' title="bbox 811 1603 1502 1649; baseline 0.006 -11"><span class='ocrx_word' id='word_1_325' title='bbox 811 1603 926 1639; x_wconf 87' lang='lat' dir='ltr'><strong>sehen</strong></span> <span class='ocrx_word' id='word_1_326' title='bbox 947 1614 1015 1639; x_wconf 87' lang='lat' dir='ltr'><strong>aus</strong></span> <span class='ocrx_word' id='word_1_327' title='bbox 1036 1605 1072 1646; x_wconf 89' lang='grc'><strong>9,</strong></span> <span class='ocrx_word' id='word_1_328' title='bbox 1095 1607 1117 1639; x_wconf 85' lang='grc'><strong>4</strong></span> <span class='ocrx_word' id='word_1_329' title='bbox 1141 1605 1222 1641; x_wconf 72' lang='lat' dir='ltr'><strong>sibi</strong></span> <span class='ocrx_word' id='word_1_330' title='bbox 1244 1604 1349 1640; x_wconf 80' lang='lat' dir='ltr'><strong>vitae</strong></span> <span class='ocrx_word' id='word_1_331' title='bbox 1373 1604 1502 1649; x_wconf 68' lang='lat' dir='ltr'><strong>linem</strong></span> 
     </span>
     <span class='ocr_line' id='line_1_50' title="bbox 811 1651 959 1687; baseline -0.007 0"><span class='ocrx_word' id='word_1_332' title='bbox 811 1651 959 1687; x_wconf 77' lang='lat' dir='ltr'><strong>adesse.</strong></span> 
     </span>
    </p>

    <p class='ocr_par' dir='ltr' id='par_1_15' title="bbox 809 1699 1505 1831">
     <span class='ocr_line' id='line_1_51' title="bbox 859 1699 1505 1736; baseline 0.003 -2"><span class='ocrx_word' id='word_1_333' title='bbox 859 1710 1003 1734; x_wconf 72' lang='lat' dir='ltr'><strong>suane:</strong></span> <span class='ocrx_word' id='word_1_334' title='bbox 1023 1699 1059 1734; x_wconf 87' lang='lat' dir='ltr'><strong>d.</strong></span> <span class='ocrx_word' id='word_1_335' title='bbox 1081 1700 1105 1735; x_wconf 85' lang='lat' dir='ltr'><strong>i.</strong></span> <span class='ocrx_word' id='word_1_336' title='bbox 1127 1699 1193 1735; x_wconf 86' lang='lat' dir='ltr'><strong>des</strong></span> <span class='ocrx_word' id='word_1_337' title='bbox 1214 1699 1407 1735; x_wconf 85' lang='lat' dir='ltr'><strong>Bomilcar</strong></span> <span class='ocrx_word' id='word_1_338' title='bbox 1423 1700 1505 1736; x_wconf 90' lang='lat' dir='ltr'><strong>und</strong></span> 
     </span>
     <span class='ocr_line' id='line_1_52' title="bbox 810 1746 1501 1784; baseline 0.003 -2"><span class='ocrx_word' id='word_1_339' title='bbox 810 1746 1015 1782; x_wconf 82' lang='lat' dir='ltr'><strong>Nabdalsa.</strong></span> <span class='ocrx_word' id='word_1_340' title='bbox 1048 1747 1093 1782; x_wconf 90' lang='lat' dir='ltr'><strong>In</strong></span> <span class='ocrx_word' id='word_1_341' title='bbox 1109 1747 1176 1783; x_wconf 85' lang='lat' dir='ltr'><strong>der</strong></span> <span class='ocrx_word' id='word_1_342' title='bbox 1189 1747 1365 1783; x_wconf 82' lang='lat' dir='ltr'><strong>direkten</strong></span> <span class='ocrx_word' id='word_1_343' title='bbox 1379 1748 1501 1784; x_wconf 81' lang='lat' dir='ltr'><strong>Rede-</strong></span> 
     </span>
     <span class='ocr_line' id='line_1_53' title="bbox 809 1794 1427 1831; baseline 0.003 -2"><span class='ocrx_word' id='word_1_344' title='bbox 809 1794 909 1830; x_wconf 83' lang='lat' dir='ltr'><strong>iorm</strong></span> <span class='ocrx_word' id='word_1_345' title='bbox 929 1794 1055 1830; x_wconf 69' lang='lat' dir='ltr'><strong>warde</strong></span> <span class='ocrx_word' id='word_1_346' title='bbox 1075 1800 1264 1831; x_wconf 74' lang='lat' dir='ltr'><strong>nostrane</strong></span> <span class='ocrx_word' id='word_1_347' title='bbox 1281 1796 1427 1831; x_wconf 85' lang='lat' dir='ltr'><strong>stehen.</strong></span> 
     </span>
    </p>

    <p class='ocr_par' dir='ltr' id='par_1_16' title="bbox 811 1842 1502 1936">
     <span class='ocr_line' id='line_1_54' title="bbox 860 1842 1502 1890; baseline 0.002 -12"><span class='ocrx_word' id='word_1_348' title='bbox 860 1842 1000 1878; x_wconf 79' lang='lat'><strong>71.1.</strong></span> <span class='ocrx_word' id='word_1_349' title='bbox 1047 1842 1225 1879; x_wconf 78' lang='lat' dir='ltr'><strong>adlatae:</strong></span> <span class='ocrx_word' id='word_1_350' title='bbox 1269 1854 1343 1890; x_wconf 82' lang='lat' dir='ltr'><strong>erg.</strong></span> <span class='ocrx_word' id='word_1_351' title='bbox 1386 1848 1502 1885; x_wconf 68' lang='lat' dir='ltr'><strong>mant,-</strong></span> 
     </span>
     <span class='ocr_line' id='line_1_55' title="bbox 811 1896 1277 1936; baseline 0.002 -11"><span class='ocrx_word' id='word_1_352' title='bbox 811 1901 900 1926; x_wconf 78' lang='lat' dir='ltr'><strong>eum</strong></span> <span class='ocrx_word' id='word_1_353' title='bbox 925 1905 964 1919; x_wconf 93' lang='lat'>=</span> <span class='ocrx_word' id='word_1_354' title='bbox 995 1901 1070 1935; x_wconf 79' lang='lat' dir='ltr'><strong>quo</strong></span> <span class='ocrx_word' id='word_1_355' title='bbox 1096 1896 1277 1936; x_wconf 82' lang='lat' dir='ltr'><strong>tempore.</strong></span> 
     </span>
    </p>

    <p class='ocr_par' dir='ltr' id='par_1_17' title="bbox 809 1937 1504 2080">
     <span class='ocr_line' id='line_1_56' title="bbox 860 1937 1504 1984; baseline 0.002 -12"><span class='ocrx_word' id='word_1_356' title='bbox 860 1937 1031 1973; x_wconf 75' lang='lat' dir='ltr'><strong>exercito</strong></span> <span class='ocrx_word' id='word_1_357' title='bbox 1052 1949 1160 1974; x_wconf 80' lang='lat' dir='ltr'><strong>usw.:</strong></span> <span class='ocrx_word' id='word_1_358' title='bbox 1186 1938 1267 1973; x_wconf 90' lang='lat' dir='ltr'><strong>der</strong></span> <span class='ocrx_word' id='word_1_359' title='bbox 1288 1937 1504 1984; x_wconf 71' lang='lat' dir='ltr'><strong>korperlich</strong></span> 
     </span>
     <span class='ocr_line' id='line_1_57' title="bbox 813 1984 1502 2025; baseline 0.001 -5"><span class='ocrx_word' id='word_1_360' title='bbox 813 1984 1041 2021; x_wconf 78' lang='lat' dir='ltr'><strong>iibermiidet</strong></span> <span class='ocrx_word' id='word_1_361' title='bbox 1070 1985 1178 2025; x_wconf 71' lang='lat' dir='ltr'><strong>wax-’3</strong></span> <span class='ocrx_word' id='word_1_362' title='bbox 1213 1996 1389 2022; x_wconf 74' lang='lat' dir='ltr'><strong>exercere</strong></span> <span class='ocrx_word' id='word_1_363' title='bbox 1421 1997 1502 2022; x_wconf 78' lang='lat' dir='ltr'><strong>cor·</strong></span> 
     </span>
     <span class='ocr_line' id='line_1_58' title="bbox 809 2032 1377 2080; baseline 0.002 -12"><span class='ocrx_word' id='word_1_364' title='bbox 809 2044 906 2079; x_wconf 77' lang='lat' dir='ltr'><strong>pus:</strong></span> <span class='ocrx_word' id='word_1_365' title='bbox 918 2032 1012 2069; x_wconf 85' lang='lat' dir='ltr'><strong>sich</strong></span> <span class='ocrx_word' id='word_1_366' title='bbox 1023 2033 1236 2080; x_wconf 69' lang='lat' dir='ltr'><strong>korperlich</strong></span> <span class='ocrx_word' id='word_1_367' title='bbox 1248 2037 1377 2069; x_wconf 80' lang='lat' dir='ltr'><strong>anstre</strong></span> 
     </span>
    </p>

    <p class='ocr_par' dir='ltr' id='par_1_18' title="bbox 809 2044 1504 2224">
     <span class='ocr_line' id='line_1_59' title="bbox 859 2044 1504 2128; baseline 0.002 -12.097"><span class='ocrx_word' id='word_1_368' title='bbox 859 2080 1018 2117; x_wconf 58' lang='lat' dir='ltr'><strong>zubi-</strong></span> <span class='ocrx_word' id='word_1_369' title='bbox 1078 2109 1086 2116; x_wconf 94' lang='lat'><strong>.</strong></span> <span class='ocrx_word' id='word_1_370' title='bbox 1112 2082 1236 2127; x_wconf 77' lang='lat' dir='ltr'><strong>cepit,·</strong></span> <span class='ocrx_word' id='word_1_371' title='bbox 1256 2082 1297 2116; x_wconf 90' lang='lat' dir='ltr'><strong>in</strong></span> <span class='ocrx_word' id='word_1_372' title='bbox 1318 2081 1390 2117; x_wconf 79' lang='lat' dir='ltr'><strong>ubi</strong></span> <span class='ocrx_word' id='word_1_373' title='bbox 1425 2044 1504 2128; x_wconf 76' lang='lat' dir='ltr'><strong>egt</strong></span> 
     </span>
     <span class='ocr_line' id='line_1_60' title="bbox 814 2128 1503 2174; baseline 0.003 -11"><span class='ocrx_word' id='word_1_374' title='bbox 814 2129 883 2164; x_wconf 81' lang='lat' dir='ltr'><strong>ubi</strong></span> <span class='ocrx_word' id='word_1_375' title='bbox 918 2128 1201 2174; x_wconf 76' lang='lat' dir='ltr'><strong>quiescentem,-</strong></span> <span class='ocrx_word' id='word_1_376' title='bbox 1234 2140 1282 2165; x_wconf 84' lang='lat' dir='ltr'><strong>zu</strong></span> <span class='ocrx_word' id='word_1_377' title='bbox 1317 2129 1415 2166; x_wconf 71' lang='lat' dir='ltr'><strong>solet</strong></span> <span class='ocrx_word' id='word_1_378' title='bbox 1448 2131 1503 2166; x_wconf 85' lang='lat' dir='ltr'><strong>ist</strong></span> 
     </span>
     <span class='ocr_line' id='line_1_61' title="bbox 809 2176 1398 2232; baseline 0.003 -21"><span class='ocrx_word' id='word_1_379' title='bbox 809 2176 926 2212; x_wconf 82' lang='lat' dir='ltr'><strong>leicht</strong></span> <span class='ocrx_word' id='word_1_380' title='bbox 954 2187 1093 2222; x_wconf 79' lang='lat' dir='ltr'><strong>capere</strong></span> <span class='ocrx_word' id='word_1_381' title='bbox 1125 2188 1172 2212; x_wconf 85' lang='lat' dir='ltr'><strong>zu</strong></span> <span class='ocrx_word' id='word_1_382' title='bbox 1200 2179 1398 2232; x_wconf 68' lang='lat' dir='ltr'><strong>ergfinzen.</strong></span> 
     </span>
    </p>

    <p class='ocr_par' dir='ltr' id='par_1_19' title="bbox 809 2224 1500 2356">
     <span class='ocr_line' id='line_1_62' title="bbox 856 2224 1500 2284; baseline 0.002 -25"><span class='ocrx_word' id='word_1_383' title='bbox 856 2227 891 2259; x_wconf 95' lang='lat'><strong>4.</strong></span> <span class='ocrx_word' id='word_1_384' title='bbox 929 2235 1054 2284; x_wconf 35' lang='lat' dir='ltr'><strong>&#39;opera</strong></span> <span class='ocrx_word' id='word_1_385' title='bbox 1095 2230 1166 2260; x_wconf 83' lang='lat' dir='ltr'><strong>aut</strong></span> <span class='ocrx_word' id='word_1_386' title='bbox 1207 2225 1392 2270; x_wconf 75' lang='lat' dir='ltr'><strong>inqem‘o:</strong></span> <span class='ocrx_word' id='word_1_387' title='bbox 1431 2224 1500 2260; x_wconf 87' lang='lat' dir='ltr'><strong>der</strong></span> 
     </span>
     <span class='ocr_line' id='line_1_63' title="bbox 811 2271 1499 2318; baseline 0.003 -12"><span class='ocrx_word' id='word_1_388' title='bbox 811 2271 904 2307; x_wconf 87' lang='lat' dir='ltr'><strong>Sinn</strong></span> <span class='ocrx_word' id='word_1_389' title='bbox 926 2272 1025 2314; x_wconf 82' lang='lat' dir='ltr'><strong>ist‚“</strong></span> <span class='ocrx_word' id='word_1_390' title='bbox 1029 2284 1068 2307; x_wconf 84' lang='lat' dir='ltr'><strong>es</strong></span> <span class='ocrx_word' id='word_1_391' title='bbox 1091 2273 1184 2318; x_wconf 84' lang='lat' dir='ltr'><strong>gebe</strong></span> <span class='ocrx_word' id='word_1_392' title='bbox 1206 2272 1269 2308; x_wconf 75' lang='lat' dir='ltr'><strong>fiir</strong></span> <span class='ocrx_word' id='word_1_393' title='bbox 1290 2272 1358 2308; x_wconf 77' lang='lat' dir='ltr'><strong>ilin</strong></span> <span class='ocrx_word' id='word_1_394' title='bbox 1380 2276 1499 2308; x_wconf 80' lang='lat' dir='ltr'><strong>etwas</strong></span> 
     </span>
     <span class='ocr_line' id='line_1_64' title="bbox 809 2284 1399 2356; baseline 0 -1"><span class='ocrx_word' id='word_1_395' title='bbox 809 2331 855 2355; x_wconf 86' lang='lat' dir='ltr'><strong>zu</strong></span> <span class='ocrx_word' id='word_1_396' title='bbox 897 2324 967 2355; x_wconf 84' lang='lat' dir='ltr'><strong>tun</strong></span> <span class='ocrx_word' id='word_1_397' title='bbox 1006 2284 1115 2356; x_wconf 82' lang='lat' dir='ltr'><strong>oderg</strong></span> <span class='ocrx_word' id='word_1_398' title='bbox 1137 2331 1183 2355; x_wconf 87' lang='lat' dir='ltr'><strong>zu</strong></span> <span class='ocrx_word' id='word_1_399' title='bbox 1223 2319 1399 2355; x_wconf 84' lang='lat' dir='ltr'><strong>denken&#39;.</strong></span> 
     </span>
    </p>

    <p class='ocr_par' dir='ltr' id='par_1_20' title="bbox 806 2367 1499 2688">
     <span class='ocr_line' id='line_1_65' title="bbox 857 2367 1499 2412; baseline 0 -10"><span class='ocrx_word' id='word_1_400' title='bbox 857 2369 892 2402; x_wconf 88' lang='lat'><strong>5.</strong></span> <span class='ocrx_word' id='word_1_401' title='bbox 925 2378 1064 2412; x_wconf 77' lang='lat' dir='ltr'><strong>super:</strong></span> <span class='ocrx_word' id='word_1_402' title='bbox 1095 2378 1168 2403; x_wconf 88' lang='lat' dir='ltr'><strong>nur</strong></span> <span class='ocrx_word' id='word_1_403' title='bbox 1197 2367 1279 2404; x_wconf 86' lang='lat' dir='ltr'><strong>hier</strong></span> <span class='ocrx_word' id='word_1_404' title='bbox 1307 2370 1348 2403; x_wconf 90' lang='lat' dir='ltr'><strong>in</strong></span> <span class='ocrx_word' id='word_1_405' title='bbox 1377 2367 1499 2403; x_wconf 83' lang='lat' dir='ltr'><strong>dieser</strong></span> 
     </span>
     <span class='ocr_line' id='line_1_66' title="bbox 811 2414 1046 2462; baseline 0.009 -13"><span class='ocrx_word' id='word_1_406' title='bbox 811 2414 1046 2462; x_wconf 85' lang='lat' dir='ltr'><strong>Bedeutung,</strong></span> 
     </span>
     <span class='ocr_line' id='line_1_67' title="bbox 811 2462 1493 2508; baseline 0 -11"><span class='ocrx_word' id='word_1_407' title='bbox 811 2462 898 2498; x_wconf 82' lang='lat' dir='ltr'><strong>Sall.</strong></span> <span class='ocrx_word' id='word_1_408' title='bbox 928 2462 1011 2498; x_wconf 88' lang='lat' dir='ltr'><strong>Zeit</strong></span> <span class='ocrx_word' id='word_1_409' title='bbox 1035 2474 1107 2498; x_wconf 92' lang='lat' dir='ltr'><strong>nur</strong></span> <span class='ocrx_word' id='word_1_410' title='bbox 1129 2464 1170 2498; x_wconf 89' lang='lat' dir='ltr'><strong>in</strong></span> <span class='ocrx_word' id='word_1_411' title='bbox 1195 2462 1262 2498; x_wconf 90' lang='lat' dir='ltr'><strong>der</strong></span> <span class='ocrx_word' id='word_1_412' title='bbox 1286 2463 1493 2508; x_wconf 81' lang='lat' dir='ltr'><strong>Umgangs-</strong></span> 
     </span>
     <span class='ocr_line' id='line_1_68' title="bbox 807 2509 1496 2556; baseline 0.001 -12"><span class='ocrx_word' id='word_1_413' title='bbox 807 2509 964 2555; x_wconf 81' lang='lat' dir='ltr'><strong>sprache</strong></span> <span class='ocrx_word' id='word_1_414' title='bbox 986 2521 1030 2545; x_wconf 84' lang='lat' dir='ltr'><strong>so</strong></span> <span class='ocrx_word' id='word_1_415' title='bbox 1052 2510 1276 2556; x_wconf 84' lang='lat' dir='ltr'><strong>gebraucht;</strong></span> <span class='ocrx_word' id='word_1_416' title='bbox 1301 2509 1496 2556; x_wconf 68' lang='lat' dir='ltr'><strong>apaten-hin</strong></span> 
     </span>
     <span class='ocr_line' id='line_1_69' title="bbox 807 2557 1497 2605; baseline 0 -13"><span class='ocrx_word' id='word_1_417' title='bbox 807 2557 1089 2604; x_wconf 69' lang='lat' dir='ltr'><strong>gewohnlicher.</strong></span> <span class='ocrx_word' id='word_1_418' title='bbox 1131 2558 1374 2605; x_wconf 75' lang='lat' dir='ltr'><strong>Regelmassig</strong></span> <span class='ocrx_word' id='word_1_419' title='bbox 1398 2560 1497 2592; x_wconf 68' lang='lat' dir='ltr'><strong>ware</strong></span> 
     </span>
     <span class='ocr_line' id='line_1_70' title="bbox 806 2604 1494 2644; baseline 0.003 -6"><span class='ocrx_word' id='word_1_420' title='bbox 806 2605 853 2639; x_wconf 82' lang='lat' dir='ltr'><strong>de</strong></span> <span class='ocrx_word' id='word_1_421' title='bbox 887 2605 978 2640; x_wconf 84' lang='lat' dir='ltr'><strong>oder</strong></span> <span class='ocrx_word' id='word_1_422' title='bbox 1014 2605 1059 2640; x_wconf 77' lang='lat' dir='ltr'><strong>in</strong></span> <span class='ocrx_word' id='word_1_423' title='bbox 1096 2606 1170 2640; x_wconf 74' lang='lat' dir='ltr'><strong>tali</strong></span> <span class='ocrx_word' id='word_1_424' title='bbox 1206 2605 1360 2644; x_wconf 62' lang='lat' dir='ltr'><strong>scelere,</strong></span> <span class='ocrx_word' id='word_1_425' title='bbox 1395 2604 1494 2640; x_wconf 84' lang='lat' dir='ltr'><strong>auch</strong></span> 
     </span>
     <span class='ocr_line' id='line_1_71' title="bbox 807 2652 1100 2688; baseline 0.004 -2"><span class='ocrx_word' id='word_1_426' title='bbox 807 2653 903 2687; x_wconf 74' lang='lat' dir='ltr'><strong>talis</strong></span> <span class='ocrx_word' id='word_1_427' title='bbox 929 2652 1100 2688; x_wconf 78' lang='lat' dir='ltr'><strong>sceleris.</strong></span> 
     </span>
    </p>
   </div>
   <div class='ocr_carea' id='block_1_13' title="bbox 1084 2415 1496 2461">
    <p class='ocr_par' dir='ltr' id='par_1_21' title="bbox 1084 2415 1496 2461">
     <span class='ocr_line' id='line_1_72' title="bbox 1084 2415 1496 2461; baseline -0.002 -10"><span class='ocrx_word' id='word_1_428' title='bbox 1084 2415 1162 2451; x_wconf 82' lang='lat' dir='ltr'><strong>und</strong></span> <span class='ocrx_word' id='word_1_429' title='bbox 1198 2415 1416 2461; x_wconf 72' lang='lat' dir='ltr'><strong>uberhaupt</strong></span> <span class='ocrx_word' id='word_1_430' title='bbox 1450 2426 1496 2450; x_wconf 82' lang='grc' dir='ltr'><strong>ιιι</strong></span> 
     </span>
    </p>
   </div>
  </div>
 </body>
</html>
