1696 2820
170 72 254 116 100
632 67 676 106 C.
700 65 952 106 SALLVSTI
977 65 1145 104 cmsPl

174 201 294 242 posse
323 186 530 230 celeritate
558 186 754 241 putabat3
785 199 881 227 nam
909 185 1011 227 talia
1038 184 1206 227 consilia
1231 198 1306 239 per
1334 184 1464 225 otium
1493 189 1535 225 et
1563 198 1613 225 ex

129 259 148 286 2
172 246 484 302 opportunitate
500 247 604 300 oapi.
637 251 682 287 at
698 246 897 295 Metellus,
915 245 988 286 ubi
1004 243 1232 298 oppidanos
1248 244 1402 297 proelio
1417 244 1611 292 intentos,

174 307 295 349 simul
309 306 506 361 oppidum
519 311 562 347 et
575 305 766 360 operibus
779 310 821 346 et
833 306 923 346 loco
936 305 1143 346 munitum
1157 303 1285 353 videt,
1301 303 1410 344 vallo
1424 303 1612 357 fossaque

133 379 150 405 3
173 366 336 408 moenia
373 366 654 408 circumvenit,
709 365 804 407 dein
842 364 1002 405 duobus
1039 363 1138 405 locis
1176 377 1227 404 ex
1266 363 1384 416 copia
1421 376 1611 404 maxume

171 426 328 468 idoneis
346 426 489 466 vineas
510 439 639 479 agere,
663 438 848 478 aggerem
869 425 998 465 iacere
1019 428 1061 464 et
1081 437 1202 476 super
1222 436 1406 476 aggerem
1427 422 1614 475 inpositis

131 498 151 524 4
172 485 355 527 turribus
391 499 494 539 opus
530 490 572 526 et
609 484 872 525 administros
908 483 1050 524 tutari.
1102 488 1246 524 eontra
1282 483 1382 523 haec
1419 482 1614 535 oppidani

171 545 365 586 festinare
405 558 564 598 parare:
607 558 772 598 prorsus
813 544 864 583 ab
905 542 1090 596 utrisque
1131 542 1231 582 nihil
1270 542 1470 595 reliquum
1511 542 1612 582 fien‘.

130 616 149 643 '5
173 605 348 658 denique
376 604 567 653 Romani,
596 603 727 644 multo
756 609 851 643 ante
878 602 1017 642 labore
1044 602 1287 654 proeliisque
1314 602 1491 654 fatigati,
1520 608 1614 654 post

173 664 259 706 dies
288 663 560 718 quadraginta
589 676 714 716 quam
743 677 790 704 eo
819 668 991 702 ventum
1019 667 1108 701 erat
1137 660 1287 714 oppido
1316 661 1438 701 modo
1467 661 1608 714 pot-iti;

131 736 150 763 o
173 723 327 778 praeda
366 723 498 765 omnis
539 723 591 763 ab
631 722 811 776 perfugis
851 726 1056 774 corrupta.
1114 721 1151 760 ei
1190 725 1408 773 postquam
1451 734 1611 760 murum

173 783 369 825 arietibus
385 783 497 824 feriri
513 796 656 835 resque
675 796 768 822 suas
786 781 975 821 adflictas
992 780 1148 828 vident,
1169 793 1315 820 aurum
1331 785 1456 832 atque
1474 793 1611 832 argen-

172 849 264 884 tum
283 848 325 884 et
343 843 437 891 alia,
459 856 563 895 quae
582 842 715 895 prima
734 841 953 890 ducuntur,
975 840 1142 880 domum
1162 840 1313 892 regiam
1333 844 1611 892 comportant3

171 903 245 944 ubi
276 902 374 943 vino
407 908 450 943 et
482 902 611 955 epulis
644 901 804 942 onerati
835 901 985 953 illaque
1018 905 1061 939 et
1094 900 1261 939 domum
1294 904 1337 939 et
1369 904 1497 939 semet
1531 899 1614 950 igni

176 966 446 1015 corrumpunt
472 967 526 1011 et,
557 975 659 1014 quas
687 960 786 1002 victi
808 961 860 1000 ab
882 960 1068 1000 hostibus
1089 972 1241 1011 poenas
1268 964 1515 1007 metuerant,
1545 972 1612 998 eas

171 1022 251 1076 ipsi
276 1022 462 1063 volentes
487 1021 727 1074 pependere.

101 1086 149 1124 ¹27
281 1081 362 1123 Sed
377 1081 532 1135 pariter
548 1094 641 1122 oum
659 1086 782 1133 capta
800 1079 928 1120 Thala
944 1079 1069 1132 legati
1087 1093 1137 1118 ex
1154 1078 1305 1131 oppido
1323 1078 1442 1131 Lepti
1461 1078 1513 1117 ad
1530 1077 1611 1117 Me-

172 1141 317 1182 tellum
329 1146 530 1182 venerant
543 1145 718 1188 orantes,
733 1140 797 1180 uti
808 1138 1057 1192 praesidium
1070 1138 1403 1191 praefectumque
1417 1151 1464 1178 eo
1478 1137 1613 1177 mitte-

172 1206 252 1242 ret:
275 1201 552 1242 Hamilcarem
574 1199 791 1253 quendam,
816 1199 1022 1239 hominem
1045 1197 1223 1238 nobilem
1244 1196 1475 1246 factiosum,
1501 1196 1615 1236 novis

173 1260 295 1302 rebus
325 1260 502 1309 studere,
536 1259 757 1301 advorsum
787 1272 909 1311 quem
940 1271 1070 1310 neque
1102 1257 1271 1310 imperia
1302 1257 1618 1310 magistratuum

174 1334 305 1374 neque
325 1320 433 1373 leges
454 1320 658 1367 valerent;
681 1319 725 1359 ni
745 1318 787 1358 id
807 1318 1035 1366 festinaret,
1058 1316 1101 1357 111
1121 1330 1280 1357 summo
1301 1316 1479 1369 periculo
1501 1329 1616 1355 suam

127 1391 150 1419 ,2
174 1380 363 1428 salutem,
390 1379 553 1420 illorum
578 1379 707 1420 socios
732 1379 830 1419 fore.
874 1391 970 1418 nam
995 1376 1207 1430 Leptitani
1231 1376 1313 1416 iam
1338 1376 1433 1416 inde
1459 1389 1484 1415 a
1509 1375 1616 1429 prin-

170 1482 388 1566 svggulabat
420 1493 529 1517 uem:
575 1482 629 1516 ‘in
662 1481 862 1516 Wahrheit

173 1542 197 1566 8
245 1529 288 1565 r’.

220 1577 344 1614 aubi
361 1576 589 1623 oppidanos
607 1604 615 1611 .
636 1603 644 1611 .
666 1603 673 1611 .
695 1576 858 1612 circum-

171 1625 299 1666 venit:
336 1625 411 1670 vgl.
453 1624 514 1659 die
553 1624 727 1659 iihnliohe
766 1624 858 1659 Dar-

169 1673 335 1718 stollung
370 1673 428 1713 23,
470 1674 500 1707 1.
537 1692 586 1696 ——
621 1671 774 1717 proelio
810 1672 863 1706 ist

169 1721 301 1762 nativ,
323 1719 403 1755 ‘des
424 1719 588 1766 Kampfs
607 1718 811 1766 gewartig‘.

219 1769 252 1804 3.
271 1779 320 1804 ex
334 1768 471 1813 copia:
485 1767 583 1803 nach
598 1768 656 1809 39,
672 1769 695 1802 5
709 1766 858 1814 eigentl.

169 1816 283 1852 ‘nach
294 1815 480 1862 Massgabe
493 1815 557 1850 des
570 1814 858 1852 Vorhandenen’

169 1864 251 1900 hier
274 1863 651 1909 ‘verhfi.ltnism.=‡ssig’.

218 1911 500 1947 administros:
538 1911 613 1946 ‘die
650 1910 760 1945 dabei
801 1910 859 1944 be-

171 1959 376 2006 schaftigte
400 1957 667 1994 Mannschaft’.

219 2009 253 2042 4.
279 2006 390 2042 nihil
414 2007 481 2042 rel.
510 2007 624 2049 fieri:
650 2005 865 2040 Redensart

172 2055 246 2089 mit
275 2054 427 2090 Zitaten
458 2065 525 2089 aus
557 2054 624 2089 der
654 2054 860 2099 Umgangs-

171 2101 329 2148 sprache
350 2102 403 2136 ‘es
426 2101 517 2137 wird
539 2102 664 2137 nichts
685 2099 860 2147 gespart‘.

221 2151 254 2184 5.
293 2154 405 2184 ante:
442 2149 621 2184 Attribut
655 2150 694 2183 in
732 2148 861 2183 adver-

174 2196 292 2232 bialer·
321 2197 435 2232 Form
466 2196 587 2231 nebon
617 2197 703 2231 dem
734 2195 860 2239 adjek—

172 2244 360 2279 tivisohen
391 2245 533 2285 multo3
567 2244 675 2279 heide
703 2243 863 2289 gehoren

172 2292 400 2338 gemeinsam
453 2291 547 2326 auch
596 2302 681 2326 zum
709 2291 863 2327 zweiten

175 2339 303 2375 subet.
356 2340 537 2384 proeliis.
619 2339 699 2384 vgl.
753 2338 860 2384 Verg.

173 2387 266 2424 Aen.
298 2388 328 2429 l,
352 2388 419 2423 198
447 2398 569 2433 neque
595 2387 703 2422 enim
728 2386 864 2431 iqnari

174 2446 316 2471 aumas
341 2440 432 2470 ante
457 2434 665 2470 malorum.

222 2484 256 2518 6.
286 2482 467 2530 illaque.
497 2510 503 2517 .
533 2510 540 2517 .
569 2487 637 2517 et.
666 2509 673 2518 .
702 2509 710 2516 .

175 2531 234 2571 26,
264 2530 294 2565 1.

224 2582 500 2623 corrumpam:
521 2576 774 2623 zeugmatisch
794 2577 865 2610 mit

739 2486 792 2516 et:
817 2493 862 2516 zu

930 1480 1015 1514 dem
1054 1479 1215 1524 personl.
1256 1478 1341 1523 Obj.
1383 1482 1501 1514 semet
1538 1489 1617 1512 ver-

929 1526 1082 1562 bunden
1096 1553 1106 1567 ,
1150 1528 1202 1562 im
1238 1525 1321 1562 Ton
1357 1527 1424 1564 der
1463 1525 1615 1571 Get-ing·

929 1574 1150 1620 sohatzung,
1185 1573 1314 1608 diesen
1342 1573 1422 1609 Tod
1456 1584 1529 1608 nur
1562 1573 1618 1607 als

929 1621 1284 1668 Verzweiflungstat
1367 1620 1617 1656 verworfener

930 1670 1049 1705 Leute
1075 1668 1333 1704 hinzustellen.

979 1728 1080 1764 quas
1107 1744 1115 1752 .
1147 1744 1155 1752 .
1186 1744 1195 1752 .
1224 1727 1394 1762 poenas:
1422 1727 1469 1751 zu
1497 1716 1556 1756 62,
1587 1717 1618 1749 7.

979 1765 1027 1801 ab
1051 1764 1249 1801 hostibus:
1272 1775 1349 1799 von
1371 1774 1525 1809 poenas
1545 1774 1619 1799 me-

932 1817 1091 1848 tuerant
1112 1812 1302 1859 abhiingig
1323 1811 1413 1857 (vgl.
1435 1812 1475 1847 C.
1498 1812 1557 1851 52,
1578 1812 1620 1846 16

931 1860 1158 1905 periculum
1210 1871 1259 1895 ex
1311 1860 1400 1895 illis
1449 1859 1620 1902 metuit),

931 1908 1038 1943 steht
1055 1909 1108 1943 im
1126 1908 1335 1954 Gegensatz
1355 1918 1401 1942 zu
1425 1907 1511 1942 dem
1528 1906 1618 1951 folg.

933 1957 1019 2001 ipsi
1051 1957 1120 1991 wie
1155 1956 1251 1991 victi
1284 1967 1331 1991 zu
1364 1954 1547 1997 volentes,
1582 1956 1620 1988 in

933 2004 1178 2039 chifletisoher
1213 2003 1458 2050 Anordnung.

984 2052 1043 2087 77.
1067 2052 1097 2086 l.
1119 2051 1275 2097 pariter
1293 2062 1400 2087 cum:
1420 2052 1489 2086 wie
1509 2051 1567 2090 68,
1587 2051 1619 2083 2.

982 2100 1118 2144 Lepti:
1137 2099 1218 2134 hier
1234 2110 1393 2144 maqna,
1412 2098 1510 2143 jetzt
1527 2096 1619 2133 Leb-

933 2147 998 2187 da3
1041 2159 1086 2182 zu
1130 2148 1186 2188 19,
1231 2149 1261 2182 1.
1317 2147 1411 2182 Erat
1447 2147 1521 2181 seit
1559 2145 1625 2179 der

934 2196 1143 2230 romisohen
1180 2194 1407 2230 Herrschaft
1441 2194 1529 2229 kam
1565 2193 1625 2227 die

936 2243 1060 2281 Stadt,
1102 2242 1217 2278 deren
1256 2242 1382 2277 Hafen
1422 2252 1498 2277 von
1536 2240 1621 2275 dem

933 2290 1222 2336 cifersiichtigen
1284 2289 1483 2335 Karthago
1544 2300 1622 2322 ver-

933 2338 1104 2372 schiittet
1153 2337 1305 2373 worden
1357 2337 1433 2372 und
1483 2335 1621 2370 welche

934 2397 1007 2421 von
1061 2386 1141 2420 ihm
1193 2386 1265 2420 mit
1315 2384 1382 2420 der
1432 2383 1621 2430 ffigliehen

937 2433 1069 2469 Steuer
1114 2434 1216 2468 eines
1260 2433 1415 2467 Talents
1462 2431 1624 2466 belastet

933 2493 1023 2523 war,
1063 2481 1159 2515 auch
1197 2480 1253 2516 als
1294 2478 1623 2525 Seehandelsplatz

934 2527 1149 2564 aumahlich
1175 2527 1312 2563 wieder
1335 2538 1476 2573 empor.

984 2576 1164 2611 illorum:
1201 2575 1237 2610 d.
1276 2576 1299 2610 i.
1339 2574 1619 2615 Romanorum,
