1696 2820
91 231 130 260 18

96 1006 133 1034 21

154 102 213 149 ‘46

598 103 610 108 ”
620 99 662 138 C.
688 97 941 137 SALLVS'PI
967 96 1134 137 CRISPI

261 219 384 262 Dicet
402 219 563 274 aliquis:
581 218 698 272 ‘quid
714 218 838 272 igitur
855 231 992 259 censes
1004 217 1035 258 ’ζ’
1054 215 1347 258 vindicandum
1364 216 1408 257 in
1423 230 1504 265 eos,
1524 216 1595 269 qui

147 280 266 327 hosti
279 279 492 334 prodidere
506 293 593 319 rem
607 278 813 332 publicam
823 302 876 308 -
890 291 974 318 non
986 290 1113 318 manu
1126 290 1258 329 neque
1271 275 1326 325 vi,
1343 275 1454 328 quod
1466 276 1595 328 magis

153 354 228 381 vos
239 340 380 381 fecisse
393 352 517 393 quam
530 338 606 378 illis
619 337 810 379 accidisse
821 336 1034 390 indignum
1045 341 1120 385 est,
1133 349 1276 376 verum
1289 334 1595 388 quaestionibus

94 411 132 438 ιο
155 405 198 442 et
217 399 366 442 indicio
387 399 513 452 ipsius
533 397 773 450 Iugurthae:
796 396 867 450 qui
886 397 920 436 si
940 396 1155 437 dediticius
1175 401 1250 444 est,
1272 395 1457 449 profecto
1476 394 1595 435 iussis

153 459 304 500 vostris
326 458 545 500 oboediens
568 457 662 505 erit;
687 456 749 497 sin
771 470 819 497 ea
841 456 1080 504 contemnit,
1104 454 1258 496 scilicet
1279 453 1593 502 existumabitis,

155 518 287 572 qualis
302 518 372 558 illa
387 531 470 571 pax
486 523 559 558 aut
575 516 730 558 deditio
746 516 812 565 sit,
830 530 881 556 ex
898 529 979 568 qua
995 514 1048 555 ad
1064 514 1308 568 Iugurtham
1323 514 1520 554 scelerum
1535 513 1594 554 in-

154 578 334 632 punitas,
352 578 406 617 ad
420 590 572 631 paucos
587 575 770 630 potentis
785 588 1001 615 maxumae
1018 574 1200 623 divitiae,
1219 574 1272 614 ad
1288 587 1374 614 rem
1389 573 1595 626 publicam

94 648 133 677 20
156 638 308 678 damna
336 642 460 690 atque
488 636 687 677 dedecora
714 634 989 688 pervenerint:
1021 633 1099 673 nisi
1124 634 1230 674 forte
1260 632 1442 673 nondum
1470 633 1595 673 etiam

154 708 229 738 vos
243 695 534 738 dominationis
548 709 689 737 eorum
703 695 872 735 satietas
887 699 1002 735 tenet
1017 699 1058 734 et
1072 693 1142 733 illa
1157 705 1281 746 quam
1295 693 1394 733 hacc
1409 698 1595 745 tempora

157 757 284 810 magis
310 756 485 809 placent,
514 769 607 796 cum
633 768 757 808 regna
782 754 1028 807 provinciae,
1055 753 1161 805 leges
1187 752 1276 792 iura
1301 752 1462 800 iudicia,
1490 751 1596 793 bella

159 822 283 870 atque
308 829 440 869 paceS,
468 821 674 868 postremo
700 814 840 854 divina
864 819 906 854 et
931 813 1111 853 humana
1135 812 1272 852 omnia
1296 825 1421 864 penes
1445 824 1596 864 paucos

158 881 287 925 erant,
306 890 379 916 vos
395 880 548 924 autem,
565 874 641 915 hoc
658 879 720 915 est
735 873 909 926 populus
925 873 1149 920 Romanae,
1167 871 1311 912 invicti
1327 871 1379 910 ab
1396 870 1593 919 hostibus,

157 936 422 989 imperatores
438 934 622 975 omnium
637 934 831 986 gentium,
849 932 950 973 satis
966 931 1193 980 habebatis,
1211 931 1391 970 animam
1406 930 1595 971 retinere:

159 1009 256 1036 nam
272 994 514 1036 servitutem
532 993 697 1046 quidem
715 993 806 1046 quis
823 997 1009 1033 vostrum
1026 1004 1211 1032 recusare
1230 989 1437 1030 audebat-3
1473 994 1596 1042 atque

86 1059 96 1065 ”
155 1068 242 1108 ego,
260 1053 428 1095 tametsi
442 1053 530 1094 viro
546 1052 922 1106 flagitiosissumum
938 1051 1141 1092 existumo
1157 1050 1309 1103 inpune
1325 1049 1516 1090 iniuriam
1532 1063 1595 1089 ac-

155 1145 306 1182 danken
347 1145 422 1191 vgl.
467 1143 589 1180 Thuk.
635 1144 669 1184 2,
714 1144 773 1184 62,
818 1142 839 1178 3
909 1140 1061 1178 deutete
1084 1141 1208 1176 Ironie
1227 1140 1320 1186 liegt
1339 1139 1597 1175 vornehmlioh

156 1197 234 1230 τῶν
273 1192 449 1240 πατέρων
487 1191 541 1240 μὴ
578 1191 734 1238 χείρους
775 1204 838 1237 φα-

154 1244 276 1287 νῆναι,
318 1241 355 1277 οἳ
395 1267 403 1276 .
445 1267 454 1275 .
498 1239 717 1286 παρέδοσαν
757 1239 841 1284 ὑμῖν

155 1289 266 1332 αὐτά,
294 1289 448 1335 αἴσχιον
474 1287 516 1323 δὲ
541 1288 703 1333 ἔχοντας
730 1286 839 1333 ἀφαι-

156 1337 312 1383 ρεθῆναι
338 1336 362 1382 ἢ
393 1335 612 1381 κτῳμὲνους
634 1334 839 1381 ἀτυχῆσαι.

206 1386 260 1421 18.
305 1384 408 1420 dicet
448 1383 602 1429 aliquia
627 1394 735 1418 usw.:
777 1393 842 1417 um

154 1432 303 1468 endlich
325 1431 390 1467 aui
411 1431 521 1466 einen
541 1430 731 1476 positiven
751 1430 841 1466 Vor-

155 1479 285 1527 schlag
337 1490 383 1514 zu
436 1479 626 1519 kommen,
680 1478 750 1512 wie
803 1489 843 1512 er

153 1539 269 1611 {egen
298 1526 367 1609 diela1
370 1524 751 1609 oeGt-‚Zwaltherrffhast
778 1524 844 1607 clller

209 1586 339 1611 vorrec
449 1585 474 1608 n
505 1585 573 1609 vor
647 1584 693 1608 en
725 1585 781 1608 wo
811 1585 843 1613 e,

155 1623 239 1660 lfisst
270 1622 352 1658 sich
387 1621 453 1657 der
490 1585 726 1667 Spreffiiende
761 1620 843 1656 eine

152 1671 273 1716 Frage
319 1668 532 1711 einwerfen‚
580 1668 642 1703 die
688 1680 727 1703 er
773 1669 846 1702 mit

155 1717 443 1755 vindicandum
476 1718 566 1763 (erg.
601 1716 753 1759 censeo)
785 1727 840 1751 so—

154 1765 273 1813 gleich
307 1764 451 1811 biindig
483 1764 745 1799 beantwortet.

205 1812 325 1860 quod:
348 1812 423 1860 vgl.
449 1823 495 1847 zu
520 1814 577 1854 14,
604 1813 656 1847 16.

204 1860 416 1907 indignum
434 1864 509 1895 est.-
527 1859 594 1895 der
610 1858 694 1895 Ind.
716 1859 841 1894 Praes.

155 1909 223 1945 wic
248 1910 266 1954 5
291 1909 312 1945 3
335 1908 456 1949 ἄρσεις
483 1908 558 1954 vgl.
587 1908 643 1948 14,
668 1909 700 1942 7.

208 1958 260 1993 19.
338 1956 530 2002 profecto:
605 1952 842 2000 ‘jedenfalls’‚

153 2003 394 2045 ‘sicherlich';
439 2003 506 2039 der
548 2001 726 2038 Redende
769 2001 844 2036 will

156 2052 228 2087 mit
256 2051 321 2087 der
350 2050 519 2086 Partikel
548 2050 609 2085 die
641 2049 758 2086 Sache
788 2049 844 2084 als

154 2098 534 2190 „mest
571 2091 844 2190 ἓξὲῆῑζξξὲῇ

155 2206 221 2230 zur
247 2193 520 2239 Bckriiftigung
543 2194 645 2229 einer
671 2192 840 2237 Bchaup-

158 2247 251 2287 tung
281 2241 390 2277 diont
419 2241 585 2276 hercule.

204 2290 271 2325 εἰη
315 2289 545 2326 contemnit:
590 2288 658 2323 das
702 2288 841 2327 Praes„

157 2337 239 2373 weil
267 2337 334 2372 der
363 2335 541 2372 Redende
569 2347 610 2371 so
641 2335 726 2370 sehr
754 2346 842 2370 vom

157 2385 358 2420 Eintreten
393 2384 460 2419 der
496 2383 702 2429 Handlung
737 2382 841 2417 iiber·

155 2435 268 2478 zeugt
286 2433 348 2473 iet,
370 2431 444 2467 dass
465 2431 518 2466 sie
538 2431 617 2466 ihm
638 2431 693 2466 als
713 2441 843 2476 gegan-

155 2480 291 2526 wartig
337 2478 588 2515 vorsohwebt:
638 2479 759 2514 ‘wenn
806 2489 845 2512 er

154 2527 221 2563 der
260 2526 464 2564 Verachter
502 2527 554 2561 ist
593 2525 669 2561 und
710 2524 842 2566 bleibt,

157 2575 277 2612 wofiir
299 2575 359 2610 ioh
384 2574 451 2611 ihn
476 2573 603 2609 halte’.

203 2622 375 2660 scil-icet:
419 2622 479 2657 die
522 2621 689 2656 dadurch
734 2631 842 2666 ange—

908 1190 949 1224 in
978 1189 1064 1224 dem
1084 1187 1320 1224 Nebensatze
1349 1187 1484 1234 qualia
1506 1199 1594 1223 usw.

957 1238 1015 1273 20.
1039 1236 1125 1272 nie-i
1146 1237 1243 1280 sorte
1266 1263 1274 1271 .
1298 1263 1306 1271 .
1330 1263 1339 1271 .
1364 1241 1417 1271 et:
1438 1246 1485 1270 zu
1504 1236 1539 1277 3,
1560 1238 1594 1270 4.

958 1284 1096 1321 etiam:
1117 1283 1266 1320 zeitlich
1286 1283 1407 1319 ‘noch’
1431 1285 1493 1328 (zu
1513 1283 1595 1318 Cat.

915 1333 970 1374 14,
995 1333 1033 1376 5)
1058 1332 1148 1367 tritt
1170 1331 1231 1367 hie
1255 1331 1334 1367 und
1357 1331 1408 1366 da
1430 1330 1527 1366 auch
1552 1342 1597 1366 zu

911 1380 1159 1426 Negationen,
1176 1380 1244 1414 wie
1260 1379 1333 1415 Cic.
1353 1379 1457 1415 Verr.
1477 1379 1510 1420 3,
1532 1379 1597 1414 194

912 1428 1137 1473 improbum
1162 1427 1326 1471 facinus
1352 1454 1360 1462 .
1392 1454 1400 1461 .
1430 1427 1597 1471 sortasse

911 1475 1042 1511 adhuc
1078 1476 1124 1510 in
1159 1474 1271 1511 nullo
1309 1475 1429 1510 etiam
1466 1473 1595 1510 vindi-

913 1528 1055 1564 catum,
1077 1522 1196 1558 selum
1217 1533 1326 1568 sogar
1346 1521 1598 1568 pleonastiech

913 1582 959 1606 zu
1001 1570 1073 1605 den
1116 1570 1188 1605 mit
1228 1570 1324 1605 dum
1365 1580 1595 1605 zusammen-

912 1617 1302 1710 ξῗέἷέῖῗῖωηῖιῗῗῆῖᾭ
1320 1617 1598 1709 ((’ἰὲῗέἑῖἳω

960 1713 1034 1749 illa
1065 1724 1182 1758 quam
1214 1713 1326 1749 haec:
1357 1714 1398 1748 in
1429 1711 1595 1748 kiihnem

914 1760 1097 1806 Redeflug
1123 1760 1229 1796 stellt
1255 1760 1322 1796 der
1349 1760 1499 1795 Redner
1527 1760 1599 1794 mit

914 1809 988 1844 illa
1029 1835 1037 1844 .
1081 1835 1089 1843 .
1133 1820 1222 1844 cum
1261 1808 1322 1844 die
1363 1808 1491 1844 Zeiten
1532 1806 1598 1842 der

916 1855 1099 1892 Schmach
1132 1857 1187 1891 als
1219 1855 1335 1891 sehon
1368 1855 1489 1891 erlebt
1519 1854 1598 1890 und

913 1915 1123 1950 vergangen
1169 1904 1236 1938 hin
1280 1903 1490 1950 gegeniiber
1533 1902 1599 1937 der

912 1964 1032 1987 neuen
1074 1945 1152 1987 Era
1197 1951 1263 1986 der
1309 1951 1476 1987 Freiheit
1521 1950 1598 1985 und

913 1998 1251 2041 Volksherrsohaft‚
1267 1999 1327 2034 die
1343 1998 1445 2034 dank
1458 1998 1598 2034 seinem

914 2047 1108 2093 Vorgehen
1149 2047 1267 2093 gleioh
1306 2047 1404 2091 jetzt
1443 2046 1600 2092 beginnt

915 2095 1046 2139 (daher
1071 2096 1191 2138 haec).

959 2155 1096 2188 paces:
1142 2142 1208 2177 dcr
1254 2142 1424 2186 (seltene)
1472 2141 1598 2176 Plural

913 2191 1017 2226 steht
1046 2190 1125 2227 hier
1153 2189 1376 2225 ebensosehr
1406 2189 1472 2224 der
1494 2189 1596 2224 Kon-

913 2239 1076 2274 zinnitiit
1124 2248 1262 2283 wegen,
1315 2237 1370 2272 als
1420 2249 1460 2272 er
1510 2247 1598 2271 vom

915 2287 1007 2322 Sinn
1039 2285 1228 2332 gesordert
1258 2284 1362 2320 wird.

963 2345 1055 2370 nam
1082 2360 1089 2368 .
1118 2360 1126 2368 .
1155 2331 1329 2379 quidem:
1356 2343 1401 2367 zu
1428 2332 1460 2373 3,
1488 2331 1526 2371 2;
1554 2341 1595 2365 so

915 2382 1011 2417 noch
1036 2381 1174 2416 cinmal
1202 2381 1219 2424 §
1246 2381 1303 2415 23.

961 2430 1017 2465 21.
1050 2429 1221 2474 inpune:
1251 2428 1319 2462 wic
1352 2427 1368 2470 ἓ
1398 2427 1432 2467 9,
1462 2426 1521 2462 22.
1552 2425 1598 2460 2ss

914 2477 990 2511 und
1031 2479 1138 2512 sonat
1176 2474 1399 2522 passivisch;
1442 2472 1521 2508 hier
1559 2473 1598 2507 in

915 2522 1195 2570 ungcwiihnlich
1225 2523 1335 2558 freier
1363 2521 1484 2557 weise
1516 2524 1596 2566 prii-

914 2571 1142 2608 dikat-ivisch
1169 2581 1214 2606 zu
1243 2570 1442 2605 iniuriam
1470 2584 1505 2597 2
1540 2567 1599 2603 ita

915 2626 970 2655 est
1000 2619 1193 2665 inpunita
1221 2618 1286 2659 sit,
1315 2617 1389 2664 vgl.
1423 2619 1439 2662 §
1469 2617 1525 2652 25.
