1696 2820
196 83 251 126 66
656 77 699 116 O.
724 77 979 117 SALLVSTI
1005 70 1170 116 CRISPI

156 207 175 235 ε
197 196 493 251 saevitiamque
517 195 790 238 moderatum:
832 210 1008 251 namque
1033 195 1168 238 edicto
1192 196 1372 250 primum
1395 195 1634 238 adiumenta

195 256 383 310 ignaviae
410 256 634 306 sustulisse,
664 270 715 298 ne
744 256 962 310 quisquam
988 256 1032 297 in
1059 255 1203 298 castris
1230 269 1381 309 panem
1409 261 1484 297 aut
1510 270 1632 310 quem

197 316 322 358 alium
342 312 662 358 coetumcibum
681 316 891 366 venderet,
913 330 963 357 ne
982 315 1090 356 lixae
1110 315 1334 357 exercitum
1353 322 1633 369 sequerentur,

195 391 246 417 ne
255 376 370 417 miles
382 376 586 430 gregarius
596 376 640 416 in
647 376 792 417 castris
802 390 904 417 neve
915 377 959 416 in
969 375 1128 429 agmine
1139 389 1302 416 servum
1316 381 1391 417 aut
1404 376 1632 417 iumentum

154 447 171 473 3
195 435 383 483 haberet3
404 433 557 477 'ceteris
586 441 674 476 arte
703 435 871 476 modum
900 435 1104 476 statuisse.
1149 440 1361 488 praeterea
1388 437 1633 477 transvorsis

194 495 408 537 itineribus
438 495 587 537 cotidie
617 501 752 536 castra
781 509 958 544 movere,
988 495 1106 535 iuxta
1136 508 1183 536 ac
1213 495 1248 535 si
1276 495 1414 536 hostes
1444 495 1633 536 adessent

193 554 302 596 vallo
331 560 457 607 atque
485 555 594 596 fossa
622 555 793 603 munire,
824 555 982 608 vigilias
1011 555 1172 595 crebras
1201 569 1350 607 ponere
1379 561 1422 596 et
1450 569 1518 595 eas
1546 556 1632 608 ipse

194 628 288 656 cum
304 614 450 667 legatis
467 614 697 662 circumire;
716 614 817 655 item
835 614 879 654 in
896 613 1056 667 agmine
1074 614 1118 653 in
1135 614 1276 667 primis
1293 614 1428 663 modo,
1450 615 1571 656 modo
1590 615 1633 654 in

192 674 421 728 postremis,
442 687 563 727 saepe
582 674 626 714 in
645 674 779 714 medio
799 674 952 723 adesse,
975 688 1025 713 ne
1046 673 1248 726 quispiam
1268 674 1408 715 ordine
1427 675 1631 727 egredere-

192 740 275 783 tur,
298 739 347 775 ut
368 747 462 774 cum
484 734 608 786 signis
630 734 865 787 frequentes
886 732 1133 782 incederent,
1159 733 1273 774 miles
1295 733 1432 774 cibum
1454 739 1496 774 et
1519 748 1632 774 arma

125 805 175 831 θα
192 799 388 847 portaret.
438 793 498 834 ita
530 793 783 846 prohibendo
817 807 841 833 a
874 792 1032 834 delictis
1065 792 1194 845 magis
1228 806 1351 846 quam
1385 793 1631 834 vindicando

192 853 416 895 exercitum
444 853 559 893 brevi
586 853 861 894 confirmavit.

117 915 167 953 46
294 913 459 954 Interea
494 913 707 965 Iugurtha,
743 913 815 952 ubi
849 926 954 965 quae
989 912 1175 952 Metellus
1210 912 1359 964 agebat
1392 927 1444 953 ex
1479 913 1660 953 nuntiis-

191 972 361 1026 accepit,
383 972 504 1013 simul
524 973 574 1013 de
594 972 828 1013 innocentia
849 973 934 1012 eius
955 972 1102 1012 certior
1122 972 1255 1012 Roma
1275 972 1422 1021 factus,
1446 972 1631 1014 diffidere

190 1032 273 1073 suis
300 1032 434 1081 rebus,
465 1046 512 1073 ac
540 1037 631 1072 tum
659 1032 825 1073 demum
851 1045 992 1072 veram
1021 1031 1272 1071 deditionem
1300 1031 1432 1072 facere
1461 1038 1631 1073 conatus

148 1101 166 1129 2
190 1097 264 1132 est.
303 1091 427 1144 igitur
447 1092 603 1145 legatos
627 1091 680 1131 ad
702 1091 909 1132 consulem
931 1104 1024 1131 cum
1047 1090 1255 1144 suppliciis
1278 1091 1422 1139 mittit,
1448 1092 1518 1144 qui
1541 1098 1630 1132 tan-

188 1157 280 1192 tum
303 1151 426 1192 modo
450 1151 528 1204 ipsi
549 1151 766 1203 liberisque
790 1151 922 1191 vitam
945 1156 1145 1203 peterent,
1172 1150 1251 1190 alia
1275 1151 1412 1191 omnia
1436 1151 1631 1192 dederent

147 1222 164 1248 3
188 1210 340 1264 populo
359 1210 561 1251 Romano.
596 1211 668 1251 sed
686 1211 851 1251 Metello
871 1210 953 1250 iam
972 1215 1095 1250 antea
1114 1210 1403 1262 experimentis
1422 1211 1630 1263 cognitum

187 1276 277 1312 erat
318 1284 443 1323 genus
463 1313 467 1317 ,
484 1268 757 1311 Numidarum
797 1270 987 1319 infidum,
1030 1269 1192 1322 ingenio
1233 1269 1386 1318 mobili,
1432 1284 1631 1310 novarum

190 1344 326 1371 rerum
361 1329 530 1371 avidum
565 1344 662 1371 esse.
715 1330 855 1383 itaque
890 1329 1046 1383 legatos
1082 1329 1207 1369 alium
1244 1329 1295 1369 ab
1332 1329 1412 1370 alio
1448 1329 1631 1371 divorsos

149 1401 167 1427 4
192 1389 426 1443 aggreditur
450 1404 496 1430 ac
520 1389 721 1444 paulatim
747 1389 1003 1443 temptando,
1031 1394 1251 1442 postquam
1277 1394 1529 1442 opportunos
1554 1390 1631 1430 sibi

182 1503 391 1551 gegeniiber
410 1502 700 1550 anderweitigen
721 1503 868 1539 Berich·
989 1503 1021 1538 3.
1066 1503 1239 1538 crebras:
1281 1503 1354 1537 mit
1394 1502 1521 1549 Bezug
1563 1504 1629 1539 auf

182 1556 248 1587 ten
289 1551 351 1587 die
393 1551 710 1597 Zuverliissigkeit
751 1552 871 1587 seiner
940 1549 1000 1585 die
1050 1550 1200 1596 hausige
1249 1550 1542 1597 Wiederholung
1589 1553 1629 1587 in

180 1599 436 1646 Darstellung.
939 1598 1114 1644 geringen
1133 1596 1356 1633 Abstsnden
1373 1599 1426 1633 im
1445 1599 1628 1635 ortlichen

229 1651 359 1683 tanta:
407 1645 475 1682 das
523 1647 606 1690 (wie
653 1646 752 1681 oster
799 1647 871 1681 mit
942 1647 1067 1682 Sinne.

181 1699 294 1730 tanta
324 1694 559 1740 eingeleitete
590 1694 868 1740 asyndetische)
985 1704 1034 1728 ne
1062 1692 1267 1738 quispiam
1288 1705 1397 1729 usw.:
1425 1693 1486 1729 die
1503 1694 1626 1730 Final-

181 1741 417 1789 Epiphonem
447 1742 520 1787 (27,
545 1742 577 1777 2.
603 1744 662 1784 40,
687 1743 724 1786 3)
755 1743 866 1777 sowie
937 1745 1041 1775 satze
1055 1741 1204 1787 haugen
1218 1751 1294 1776 von
1308 1740 1394 1776 dem
1408 1742 1460 1776 im
1475 1742 1613 1778 vorher

179 1789 240 1825 die
266 1790 519 1836 Erlauterung
561 1801 729 1836 namque
775 1800 862 1825 usw.
935 1788 1128 1835 gehenden
1161 1788 1406 1824 enthaltenen
1441 1789 1622 1836 Begriffe:

179 1837 277 1873 noch
305 1836 495 1884 abhangig
522 1848 599 1872 von
628 1838 867 1883 comperiam
935 1836 1084 1871 ‘darauf
1128 1835 1267 1871 halten'
1314 1836 1405 1872 oder
1449 1837 1625 1874 ‘darfiber

179 1896 256 1921 von
288 1891 493 1931 praeterea
526 1896 577 1920 an
610 1884 735 1932 folgen
769 1885 863 1920 selb-
935 1883 1099 1920 wachen'
1147 1884 1212 1926 ab;
1260 1885 1466 1930 quispiam
1510 1885 1622 1922 ‘etwa

178 1932 352 1980 standige
384 1932 458 1969 Ins.
492 1932 582 1968 hist.
937 1933 1040 1967 einer
1086 1931 1177 1967 oder
1223 1931 1290 1967 der
1335 1932 1500 1975 andere’,
1549 1933 1628 1969 also

224 1980 485 2017 nwderatum:
498 1980 649 2016 absolut
659 1979 869 2027 gebraucht
936 1979 1154 2015 wesentlich
1176 1979 1420 2016 verschieden
1443 1992 1518 2017 von
1541 1981 1626 2016 dem

177 2028 289 2064 ‘habe
315 2028 376 2064 die
401 2028 530 2064 rechte
554 2027 666 2063 Mitte
692 2028 867 2075 gehalten
937 2028 1030 2063 kurz
1057 2026 1389 2074 vorhergehenden
1417 2029 1626 2075 quiequam

178 2075 362 2112 zwischen
391 2075 695 2112 Gunstbuhlerei’
724 2075 794 2111 usi.
937 2075 1016 2111 und
1045 2074 1308 2113 bedeutsamer
1336 2076 1392 2111 als
1422 2076 1490 2111 das
1518 2082 1625 2112 sonst

223 2124 256 2159 2.
284 2123 513 2170 quisquam:
538 2123 674 2159 betont
697 2123 775 2159 und
801 2123 865 2158 da·
937 2122 1191 2170 gewohnliche
1217 2124 1320 2169 quis.

177 2171 243 2206 her
279 2172 428 2207 starker
456 2172 513 2206 als
543 2171 611 2206 das
644 2170 867 2207 enklitischc
985 2171 1223 2217 frequentes:
1250 2170 1488 2218 ‘vollzahlig'.

176 2218 288 2265 quia:
310 2217 384 2266 vgl.
410 2218 607 2255 weiterhin
630 2230 675 2255 zu
696 2230 744 2255 ne
760 2219 866 2265 quis·
984 2218 1046 2255 46.
1073 2220 1103 2254 1.
1130 2219 1379 2256 innocentia:
1404 2219 1477 2265 vgl.
1503 2221 1562 2260 43,
1587 2223 1620 2254 5.

174 2264 300 2313 fiam.
983 2267 1127 2303 Roma:
1150 2267 1239 2302 ‘von
1264 2267 1361 2303 Rom
1385 2266 1463 2302 her‘
1488 2267 1622 2310 (durch

224 2314 364 2350 ceteris
400 2340 408 2349 .
448 2341 456 2350 .
497 2340 504 2349 .
545 2314 752 2349 statuisse:
790 2313 864 2349 ‘die
938 2314 1088 2359 Briefe).

176 2361 261 2397 iibri
308 2372 334 2397 n
353 2361 600 2397 Missbriiuche
620 2362 716 2397 habe
737 2373 776 2397 er
795 2373 868 2408 eng
983 2363 1015 2397 2.
1062 2373 1151 2398 cum
1176 2362 1415 2408 suppliciis:
1449 2361 1526 2397 bez.
1561 2362 1620 2397 die

177 2408 262 2445 boso
291 2408 431 2450 ranke,
472 2409 524 2444 im
570 2410 778 2455 Gegensatz
819 2421 864 2444 zu
935 2409 1159 2451 Abzeichen‚
1184 2409 1321 2445 welche
1346 2409 1406 2444 die
1431 2420 1494 2444 um
1521 2410 1619 2445 Frie-

175 2457 389 2493 sustulisse
433 2456 617 2502 ‘ganzlich
663 2457 861 2502 beseitigt’.
934 2457 1007 2493 den
1029 2457 1227 2493 bittenden
1250 2456 1465 2493 Gesandten
1487 2457 1617 2500 (cadu-

173 2523 220 2530 ·-
253 2505 307 2540 Zu
339 2504 479 2541 ceteris
509 2504 606 2540 ohne
640 2505 755 2541 rebus
788 2505 862 2550 vgl.
935 2508 1121 2549 ceatores)
1169 2517 1214 2540 zu
1262 2509 1394 2551 tragon
1440 2504 1618 2551 pilegtem

175 2563 222 2588 zu
245 2553 305 2594 26,
334 2554 349 2587 1
377 2564 413 2587 u.
440 2553 499 2593 40,
525 2554 547 2587 5
571 2552 672 2588 aliis
697 2552 865 2591 talibus:
934 2553 1163 2598 gewohnlieh
1202 2547 1264 2588 Ol·
1309 2551 1400 2587 oder
1444 2553 1617 2589 Lorbeer-

174 2604 260 2635 arte
295 2601 346 2635 ist
380 2599 544 2636 Adverb.
583 2611 656 2635 von
691 2605 814 2635 artus.
936 2602 1080 2647 zweige.
