1696 2820
155 110 225 153 50v

555 100 558 103 “
621 104 662 143 C.
688 103 749 142 SA
755 102 946 142 LLVSTI·
963 69 1132 142 emsm

124 247 126 250 v
157 225 282 275 tione,
301 237 552 278 quamquam
569 223 653 277 regi
667 223 818 264 infesta
833 222 971 277 plebes
986 228 1076 264 erat
1092 227 1135 263 et
1151 235 1246 275 pars
1261 222 1305 263 in
1320 221 1484 264 vincula
1499 223 1594 265 duei

158 284 340 334 iubebat,
359 298 467 338 pars,
488 284 565 324 nisi
582 283 711 324 socios
729 282 888 324 sceleris
904 283 969 323 sui
987 281 1174 336 aperiret,
1194 295 1306 323 more
1325 282 1523 323 maiorum
1543 283 1592 323 de

156 345 275 386 hoste
294 344 537 397 supplicium
557 343 675 391 sumi,
696 342 890 398 dignitati
908 355 1034 395 quam
1051 342 1135 383 irae
1154 341 1284 395 magis
1302 341 1515 383 consulens
1533 357 1592 383 se-

158 404 255 445 dare
269 409 407 445 motus
421 409 464 444 et
478 403 634 443 animos
649 415 789 443 eorum
803 401 975 450 mollire;
991 406 1198 455 postremo
1213 401 1455 442 confirmare
1468 400 1593 442 fidem

117 475 134 501 4
158 463 365 518 publicam
387 476 459 516 per
481 476 566 503 sese
589 461 830 502 inviolatam
851 461 951 502 fore.
989 466 1097 515 post,
1122 460 1194 501 ubi
1215 461 1422 502 silentium
1445 461 1591 514 eoepit,

157 523 358 576 producto
385 522 586 575 Iugurtha
610 521 738 562 verba
762 521 877 563 facit:
906 521 1063 562 Romae
1089 518 1386 573 Numidiaeque
1412 520 1594 562 facinora

157 583 243 624 eius
272 587 486 631 memorat,
517 581 667 622 scelera
695 581 739 621 in
767 586 929 634 patrem
957 581 1185 633 fratresque
1214 580 1413 628 ostendit;
1445 580 1593 633 quibus

157 642 396 683 iuvantibus
419 641 648 695 quibusque
670 640 867 681 ministris
890 654 938 681 ea
960 639 1088 693 egerit
1110 653 1362 693 quamquam
1383 640 1593 694 intellegat

157 702 332 755 populus
350 702 575 750 Romanus,
594 706 736 741 tamen
752 700 854 741 velle
873 700 1106 740 manufesta
1123 699 1252 752 magis
1269 713 1321 740 ex
1336 699 1405 740 illo
1423 699 1590 747 habere;

157 762 193 802 si
212 774 357 802 verum
379 760 549 814 aperiat,
573 761 616 800 in
636 760 719 801 fide
742 765 784 801 et
805 759 1021 801 elementia
1042 758 1183 812 populi
1203 758 1382 800 Romani
1402 772 1593 812 magnam

157 834 271 874 spem
290 820 350 861 illi
368 820 510 869 sitam3
532 820 596 860 sin
615 820 798 869 reticeat,
821 833 904 860 non
923 818 1042 860 sociis
1062 818 1186 858 saluti
1206 818 1305 867 fore,
1326 817 1398 859 sed
1419 833 1461 859 se
1480 832 1591 859 suas-

83 884 134 921 34
157 894 236 934 que
265 894 357 934 spes
387 885 686 933 corrupturum.
734 878 892 927 deinde,
925 878 996 919 ubi
1026 878 1240 919 Memmius
1271 878 1438 919 dicundi
1466 878 1593 919 finem

156 940 253 982 fecit
282 946 324 981 et
354 939 554 993 Iugurtha
582 939 825 992 respondere
854 938 986 978 iussus
1015 944 1091 987 est,
1121 939 1164 979 O.
1197 937 1374 978 Baebius
1403 937 1592 979 tribunus

156 999 298 1053 plebis,
325 1013 447 1053 quem
472 999 644 1052 pecunia
669 1003 906 1051 corruptum
932 1011 1055 1050 supra
1081 997 1270 1047 diximus,
1297 1011 1433 1050 regem
1457 1002 1592 1038 tacere

154 1058 284 1100 iubet:
298 1073 346 1100 ae
358 1059 526 1100 tametsi
537 1058 772 1106 multitudo,
787 1071 892 1111 quae
904 1058 948 1098 in
959 1057 1148 1098 contione
1161 1057 1318 1107 aderat,
1330 1057 1593 1098 vehementer

156 1132 325 1161 accensa
348 1119 530 1160 terrebat
553 1132 648 1160 eum
671 1118 846 1159 elamore
871 1117 999 1166 voltu,
1026 1131 1146 1170 saepe
1171 1117 1329 1170 impetu
1353 1122 1479 1170 atque
1503 1116 1591 1156 aliis

114 1190 132 1216 2
155 1178 345 1220 omnibus
382 1192 487 1232 quae
523 1178 584 1218 ira
619 1178 710 1219 fieri
746 1183 872 1227 amat,
911 1177 1011 1217 vicit
1048 1182 1189 1218 tamen
1225 1176 1478 1229 inpudentia.
1531 1176 1592 1216 ita

154 1239 330 1292 populus
341 1238 517 1279 ludibrio
529 1237 696 1278 habitus
709 1251 760 1278 ex
772 1237 961 1278 contione
974 1236 1161 1277 discedit:
1177 1236 1400 1289 Iugurthae
1413 1235 1592 1276 Bestiae·

157 1312 235 1352 que
258 1303 301 1339 et
323 1298 479 1347 ceteris,
505 1311 607 1351 quos
630 1297 700 1338 illa
722 1297 908 1351 quaestio
931 1295 1182 1348 exagitabat,
1207 1295 1334 1336 animi
1355 1301 1590 1349 augescunt.

259 1358 363 1398 Erat
406 1371 455 1399 ea
498 1362 745 1410 tempestate
789 1357 947 1397 Romae
991 1353 1172 1396 Numida
1217 1354 1385 1408 quidam
1430 1355 1592 1396 nomine

154 1417 345 1467 Massiva,
371 1417 567 1458 Gulussae
588 1416 711 1465 filius,
733 1415 969 1457 Masinissae
992 1429 1129 1468 nepos,
1154 1415 1237 1467 qui,
1261 1415 1357 1468 quia
1378 1414 1421 1454 in
1442 1414 1592 1455 dissen-

155 1477 267 1518 sione
287 1490 429 1530 regum
450 1477 673 1530 Iugurthae
694 1476 892 1516 advorsus
912 1475 1059 1523 fuerat,
1084 1474 1224 1515 dedita
1244 1475 1356 1515 Cirta
1376 1479 1419 1515 et
1439 1474 1592 1514 Adher-

155 1536 246 1577 bale
273 1536 488 1577 interfeeto
514 1536 709 1589 profugus
736 1549 787 1576 ex
813 1534 948 1588 patria
974 1534 1142 1574 abierat.
1187 1533 1280 1574 huie
1310 1533 1378 1586 Sp.
1407 1533 1590 1581 Albinus,

82 1361 132 1398 85

114 1547 132 1574 2

200 1651 232 1687 3.
287 1649 436 1696 plebes:
492 1649 579 1685 Sall.
633 1648 840 1694 bevorzugt

153 1697 254 1782 dile?
291 1697 502 1733 Nom.form
539 1708 609 1732 vor
645 1695 711 1732 der
747 1708 835 1743 gew.

154 1757 182 1792 p
200 1757 218 1781 e
244 1756 276 1781 ε.

198 1809 304 1835 more
317 1798 516 1834 maiorum
526 1809 613 1833 usw.
624 1811 632 1832 :
645 1813 682 1826 ==
699 1797 838 1832 kurzen

154 1846 295 1882 Prozess
315 1845 484 1888 macheu,
505 1845 578 1892 vgl.
598 1846 680 1881 Cat.
701 1846 759 1886 52,
779 1846 836 1879 36.

156 1895 272 1930 Sonst
290 1894 382 1940 geht
402 1893 468 1929 der
489 1893 687 1928 Ausdruek
710 1891 839 1938 haufig

154 1944 208 1986 (=
226 1942 361 1988 priseo
372 1943 494 1986 more)
507 1940 572 1976 auf
584 1941 644 1976 die
661 1940 837 1976 Strafart.

199 2006 271 2041 per
302 2005 384 2031 sese
419 2010 455 2023 =
494 1999 688 2040 quantum
722 1993 766 2029 in
798 2005 837 2028 se

155 2047 265 2078 esset.

200 2097 235 2131 4.
253 2095 460 2131 silentium
476 2095 621 2140 coepit:
641 2095 727 2130 Sall.
746 2094 839 2129 liebt

153 2143 226 2179 den
258 2143 454 2178 neutralen
490 2142 687 2178 Gebrauoh
719 2141 839 2177 dieses

155 2190 266 2227 Verb.
288 2191 360 2226 mit
378 2190 492 2226 saohl.
519 2191 622 2235 Subj.
645 2190 743 2226 ohne
764 2189 835 2224 Ins.

155 2237 295 2284 (lieri).

201 2284 390 2332 producto
444 2296 494 2320 sc.
551 2297 623 2331 pro
678 2285 837 2321 rostris:

154 2333 388 2370 techniseher
413 2332 612 2368 Ausdruek
638 2343 714 2368 von
740 2331 838 2373 dem,

152 2381 221 2418 der
231 2380 297 2418 aui
309 2380 524 2427 Einladung
535 2381 635 2416 eines
648 2379 839 2415 Tribunen

152 2430 193 2465 in
236 2428 303 2465 der
345 2428 742 2474 Volksversammlung
784 2438 838 2462 er-

152 2476 281 2513 sohien
301 2476 381 2512 und
397 2476 467 2512 das
480 2476 589 2512 Wort
602 2476 748 2517 erfflelt,
774 2486 838 2511 um

156 2524 259 2560 &de
291 2524 370 2560 und
403 2524 579 2560 Antwort
615 2535 660 2559 zu
693 2522 837 2559 soehen.

200 2573 346 2609 Romae
356 2583 462 2608 usw.=
480 2571 635 2607 beachte
644 2571 705 2607 die
713 2572 840 2607 Kiirze

152 2619 218 2657 des
240 2619 458 2656 Ausdruoks
479 2621 518 2655 in
540 2619 625 2654 dem
648 2618 838 2654 unmittel·

908 1647 976 1683 bar
1011 1659 1096 1683 zum
1135 1647 1359 1683 Substantiv
1396 1646 1592 1682 tretenden

909 1695 1254 1736 Lokaladverbiale,
1268 1694 1485 1740 derzufolge,
1496 1695 1592 1729 auch

908 1744 974 1779 der
995 1743 1115 1779 Name
1137 1742 1203 1778 des
1225 1742 1372 1778 Laudes
1392 1743 1445 1777 im
1467 1742 1593 1777 Kasus

908 1791 994 1827 dem
1022 1791 1087 1826 der
1117 1790 1231 1827 Stadt
1257 1789 1498 1837 angegliehen
1525 1791 1590 1830 ist:

908 1839 1045 1875 ebenso
1095 1838 1214 1884 gleieh
1263 1838 1397 1873 darauf
1447 1838 1591 1873 scetem

909 1888 954 1922 ‘in
981 1892 1135 1932 patre-m
1163 1887 1393 1932 fratresque.

955 1940 1068 1975 velle:
1123 1939 1236 1975 naml.
1291 1939 1501 1985 populum,
1554 1939 1593 1973 in

907 1988 1038 2023 ‹lessen
1069 1987 1216 2023 Namen
1245 1986 1445 2023 Memmius
1473 1986 1590 2021 redet.

953 2041 1198 2085 vmnusesta:
1219 2039 1442 2075 Priidikativ
1462 2050 1507 2074 zu
1527 2039 1592 2073 ha-

908 2089 1004 2129 bere,
1038 2088 1094 2123 als
1125 2087 1210 2132 Obj.
1245 2099 1290 2123 ea
1321 2099 1366 2122 zu
1397 2090 1590 2133 erganzen.

955 2141 1017 2176 34.
1045 2143 1074 2175 l.
1102 2151 1199 2186 quae
1223 2166 1231 2174 .
1258 2167 1266 2175 .
1294 2140 1408 2183 sieri:
1431 2139 1483 2174 ist
1505 2139 1591 2174 Aee.

908 2201 938 2224 e.
959 2189 1025 2224 inf.
1048 2188 1236 2234 abhangig
1254 2198 1330 2222 von
1349 2193 1469 2229 αηιαι,
1490 2198 1592 2221 wozu

910 2237 973 2272 ira
1001 2236 1105 2280 Subj.
1132 2237 1184 2271 ist
1204 2255 1253 2260 —
1276 2236 1360 2270 eine
1383 2234 1464 2270 sich
1487 2240 1594 2269 sonet

909 2283 1084 2329 nirgends
1109 2282 1287 2318 findenda
1315 2283 1470 2318 Konstvr.

956 2331 1019 2368 85.
1050 2333 1079 2367 1.
1104 2330 1319 2367 Gulussae:
1343 2341 1373 2366 s.
1404 2332 1437 2365 5.
1466 2332 1498 2364 6.

956 2379 1090 2415 dedita
1124 2379 1256 2415 Cirta:
1291 2378 1363 2424 vgl.
1399 2377 1498 2422 Kap.
1533 2376 1589 2410 26.

956 2429 989 2462 2.
1007 2426 1202 2463 Albinus:
1219 2425 1344 2462 vollst.
1362 2425 1433 2470 Sp.
1453 2424 1591 2459 Postu-

908 2475 1017 2511 mius
1030 2475 1121 2511 Alb.
1138 2494 1185 2500 —
1202 2475 1277 2510 Der
1293 2472 1431 2509 andere
1446 2471 1594 2507 Konsul

909 2522 994 2558 hiess
1013 2522 1110 2558 nach
1128 2522 1226 2557 allen
1243 2520 1408 2557 anderen
1426 2520 1593 2555 Antoren

910 2572 982 2606 mit
1009 2571 1223 2606 Vornamen
1247 2569 1429 2609 Marcus,
1458 2566 1593 2612 jedooh

909 2618 976 2653 der
1007 2618 1122 2654 Vater
1148 2617 1336 2662 Quintus.
