1696 2820
151 134 235 178 132
550 159 556 163 .
615 121 660 162 c.
681 111 939 160 SALLVSTI
960 112 1127 154 cmsm
1192 107 1195 110 ’

93 244 128 297 ὅ,
143 246 250 293 ἀπὸ
273 244 395 289 effusi
423 241 654 285 consedere.
701 238 797 294 dein
825 235 978 278 crebris
1006 231 1170 287 ignibus
1198 229 1321 271 sactis
1349 227 1589 282 plerumque

144 308 278 354 noctis
304 300 474 348 barbari
502 314 615 343 more
645 312 720 341 suo
748 295 909 344 laetari,
941 293 1159 340 exsultare,
1191 295 1372 342 strepere
1402 286 1589 334 vocibus:

145 375 190 411 et
211 366 291 422 ipsi
313 365 437 406 duces
459 362 626 410 feroces,
653 357 751 413 quia
774 370 859 398 non
881 355 1084 407 fugerant,
1110 364 1185 404 pro
1208 347 1435 390 victoribus
1459 359 1590 400 agere.

104 441 124 470 ’1
147 427 220 471 sed
244 439 294 468 ea
317 427 467 466 cuncta
492 418 692 476 Romanis
717 431 768 458 ex
793 414 975 457 tenebris
1000 417 1043 453 et
1067 409 1308 452 editioribus
1331 406 1431 448 locis
1455 404 1592 447 facilia

71 484 126 538 89
147 488 241 530 visu
278 495 508 538 magnoque
545 480 808 520 hortamento
846 479 975 515 crant.
1028 471 1266 524 plurumum
1303 481 1400 508 vero
1438 464 1591 507 Marius

148 545 341 601 inperitia
386 539 568 583 hostium
613 537 881 579 confirmatus
928 544 1053 585 quam
1097 541 1339 570 maxumum
1383 525 1592 567 silentium

146 605 291 648 haberi
308 602 436 650 iubet,
457 614 509 641 ne
528 599 643 651 signa
663 595 842 650 quidem,
862 593 926 634 uti
945 604 1016 645 per
1035 588 1194 642 vigilias
1213 587 1411 634 solebant,
1433 597 1591 626 canere.

69 664 71 666 ¹
107 679 126 708 1
151 664 311 712 deinde,
344 661 417 703 ubi
447 660 521 700 lux
553 655 821 703 adventabat,
854 651 1024 693 defessis
1055 650 1139 689 iam
1170 646 1357 688 hostibus
1390 659 1436 686 ac
1469 643 1592 698 paulo

154 730 250 767 ante
279 735 422 764 somno
452 718 584 772 captis
615 716 665 757 de
694 713 902 767 inproviso
932 710 1087 763 vigiles,
1118 708 1219 748 item
1248 704 1478 746 cohortium
1507 709 1592 744 tur-

155 796 314 826 marum
339 780 545 834 legionum
572 775 775 817 tubicines
801 771 922 813 simul
949 782 1090 810 omnes
1117 767 1232 820 signa
1260 778 1418 812 canere,
1446 763 1595 803 milites

111 857 132 884 2
154 845 374 887 clamorem
398 838 541 880 tollere
567 842 692 888 atque
717 832 848 887 portis
873 842 1083 882 erumpere
1110 826 1271 879 [iubet].
1313 822 1446 864 Mauri
1471 827 1596 875 atque

156 901 334 950 Gaetuli,
356 900 498 952 ignoto
522 902 564 937 et
586 893 770 936 horribili
791 891 930 933 sonitu
952 893 1119 941 repente
1142 885 1279 932 exciti,
1305 897 1436 936 neque
1459 882 1597 935 fugere

103 968 107 974 '
153 976 286 1016 neque
301 972 415 1001 arma
429 970 572 1010 capere
587 967 718 1006 neque
733 952 899 993 omnino
914 950 1046 990 facere
1062 952 1135 987 aut
1149 944 1362 999 providere
1377 941 1598 995 quicquam

45 1060 51 1063 .
106 1036 125 1063 8
152 1025 361 1077 poterant:
379 1019 439 1058 ita
451 1020 620 1058 cunctos
636 1012 813 1065 strepitu
825 1011 1013 1057 clamore,
1036 1006 1146 1047 nullo
1162 1003 1431 1045 subveniente
1448 999 1597 1041 nostris

156 1078 421 1126 instantibus,
449 1075 634 1117 tumultu
660 1071 876 1113 formidine
903 1075 1033 1109 terror
1061 1065 1178 1118 quasi
1204 1062 1394 1104 vecordia
1420 1064 1595 1114 ceperat.

128 1186 130 1188 ,
157 1141 334 1193 denique
353 1149 494 1178 omnes
513 1133 594 1175 fusi
612 1131 843 1185 fugatique;
866 1141 979 1169 arma
999 1132 1042 1167 et
1060 1126 1175 1178 signa
1194 1122 1387 1163 militaria
1406 1121 1599 1173 pleraque

160 1205 296 1254 capta,
322 1198 538 1251 pluresque
563 1207 611 1234 eo
636 1190 788 1245 proelio
814 1201 939 1242 quam
963 1185 1153 1228 omnibus
1178 1181 1451 1236 superioribus
1476 1179 1599 1221 inter-

163 1259 303 1314 empti.
334 1269 430 1298 nam
458 1267 601 1295 somno
629 1257 671 1292 et
698 1255 813 1291 metu
840 1247 1005 1288 insolito
1032 1243 1231 1297 impedita
1258 1243 1366 1294 fuga.

265 1317 374 1359 Dein
396 1314 561 1362 Marius,
587 1312 651 1352 uti
674 1313 877 1363 coeperat,
902 1307 947 1347 in
970 1305 1157 1350 hiberna;
1184 1316 1280 1343 nam
1304 1304 1472 1353 propter
1494 1310 1603 1339 com-

163 1383 348 1421 meatum
372 1375 416 1415 in
441 1372 601 1427 oppidis
627 1368 856 1420 maritumis
883 1379 1000 1420 agere
1026 1364 1280 1408 decreveram
1309 1373 1439 1411 neque
1465 1363 1606 1399 tamen

164 1437 338 1479 victoria
351 1447 487 1476 socors
501 1437 574 1472 aut
586 1430 764 1471 insolens
777 1429 924 1475 factus,
939 1425 1011 1465 sed
1024 1423 1178 1476 pariter
1191 1426 1315 1473 atque
1330 1419 1373 1459 in
1386 1422 1607 1471 conspectu

123 1510 144 1540 8
165 1497 347 1539 hostium
374 1493 576 1546 quadrato
603 1486 990 1542 agmine'incedere:
1022 1482 1133 1524 Sulla
1160 1494 1253 1522 cum
1279 1478 1470 1531 equitatu
1496 1476 1608 1530 apud

63 1326 140 1366 1⁰0

966 1585 1123 1610 canere:
1145 1570 1304 1607 beachte
1325 1569 1385 1604 die
1406 1580 1483 1603 von
1503 1569 1562 1608 94,
1585 1569 1608 1602 5

916 1622 995 1657 und
1034 1622 1094 1662 99,
1139 1621 1155 1654 l
1198 1616 1465 1653 verschiedcne
1505 1616 1608 1651 Kon—

916 1669 1126 1709 struktiom
1167 1667 1242 1713 vgl.
1283 1664 1487 1700 ausserdem
1525 1663 1608 1699 Liv.

211 1590 246 1625 6.
269 1586 365 1633 quia
383 1594 465 1620 ‘non
485 1582 689 1627 juqerant:
707 1579 859 1614 cnthalt

163 1637 240 1673 den
279 1631 412 1670 Grund
451 1642 498 1665 zu
536 1629 623 1664 dem
662 1630 859 1674 gesamten

163 1681 351 1721 Priidikat
367 1680 515 1724 seroces
531 1688 604 1723 pro
622 1675 711 1711 vict.
731 1685 857 1720 aqere,

165 1730 275 1768 nicht
302 1739 350 1765 zu
379 1727 528 1772 seroces
557 1724 681 1760 allein.

214 1777 278 1815 99.
302 1777 334 1812 1.
359 1775 480 1821 sigma
503 1799 511 1808 .
537 1799 545 1808 .
572 1799 580 1807 .
602 1780 760 1807 canere:
783 1767 857 1803 Inf.

167 1839 200 1863 o.
224 1826 311 1861 Aeo.
336 1833 413 1858 von
435 1820 544 1857 iubet
566 1818 770 1864 abhangig3
795 1827 862 1851 zur

168 1873 395 1917 Bedeutung
423 1881 453 1905 s.
484 1869 544 1909 94,
575 1870 609 1903 5.

215 1932 289 1967 per
322 1917 507 1965 viqiliaa:
541 1915 616 1950 ‘bei
648 1912 754 1958 jeder
787 1910 860 1946 Ab·

169 1967 333 2014 lesung’;
375 1976 448 2011 per
487 1964 560 1999 mit
599 1960 864 1998 distributiver

169 2016 407 2059 Bedeutung.
450 2011 583 2047 Durch
612 2007 865 2052 Hornsignale

170 2063 326 2101 wurden
369 2061 444 2097 den
488 2070 573 2095 zum
616 2055 867 2093 Waehdienst

171 2111 396 2148 beorderten
408 2106 701 2143 Mannschaften
713 2103 774 2139 die
786 2102 864 2138 Zei-

173 2163 241 2196 ωτι
277 2168 362 2194 zum
399 2155 587 2191 Beziehen
624 2153 691 2188 der
726 2151 867 2186 Posten

176 2206 256 2243 und
286 2217 352 2241 zur
382 2203 575 2248 Ablosung
605 2201 777 2237 bekannt
806 2209 865 2244 ge-

177 2254 308 2302 geben,
339 2251 456 2286 daher
484 2263 514 2286 z.
547 2251 590 2285 B.
622 2249 683 2284 die
712 2246 868 2293 Angabe

179 2303 295 2347 siquo
351 2299 544 2335 secundae
601 2295 767 2342 viqiliae
824 2309 862 2324 =

175 2348 439 2386 Mitternncbt.

229 2395 449 2433 cohortium
490 2399 729 2429 turmarum:
768 2389 869 2424 Bun-

177 2444 604 2490 desgenossentruppen,
618 2437 793 2475 Fussvolk
805 2437 873 2472 wie

177 2492 356 2529 Reitcrei.

228 2553 259 2574 a.
303 2538 373 2574 ubi
408 2538 479 2572 lux
511 2534 766 2571 advemabat:
799 2531 874 2577 vgl.

183 2589 244 2628 ὃὸ,
288 2587 308 2618 7
342 2590 551 2631 postquam
592 2594 673 2618 nox
722 2580 878 2619 aderat,-

185 2645 232 2670 ιιι
259 2635 322 2674 28.
350 2633 385 2669 2.

918 1719 976 1760 30,
1024 1717 1082 1757 33,
1132 1715 1175 1749 12
1221 1713 1336 1749 cubae
1383 1721 1607 1756 cornuaque

920 1766 969 1802 ab
998 1762 1196 1800 Romanis
1225 1761 1464 1797 cecinerunt.

967 1814 1000 1848 3.
1033 1817 1157 1847 terror
1185 1809 1304 1856 quasi
1333 1806 1534 1844 vecordia:
1563 1817 1611 1840 zu

920 1862 979 1902 72,
1001 1861 1039 1901 2;
1061 1857 1220 1894 beachte
1239 1856 1300 1892 dio
1319 1853 1613 1901 durchgefflhrtae

923 1907 1176 1951 Zweiteilung.

971 1955 1058 1991 100.
1088 1956 1119 1990 1.
1149 1953 1194 1988 in
1222 1951 1406 1987 hiberna:
1433 1948 1502 1985 das
1522 1947 1610 1984 Ver-

921 2004 1014 2039 bum
1049 2002 1116 2038 der
1151 2001 1363 2045 Bewegung
1397 1999 1449 2033 ist
1483 2007 1611 2042 ausge-

923 2053 1058 2092 lassen,
1095 2050 1164 2086 wie
1198 2048 1306 2083 nicht
1340 2046 1472 2085 selten,
1508 2055 1616 2079 werin

924 2098 1095 2135 desselbe
1129 2107 1196 2131 aus
1229 2094 1295 2130 der
1327 2094 1483 2140 Augabe
1514 2093 1615 2127 eines

925 2147 1022 2183 Ziels
1042 2145 1133 2182 oder
1154 2145 1255 2179 eines
1278 2139 1617 2187 Ausgangspunkts

924 2194 1006 2230 sich
1047 2204 1125 2228 von
1166 2191 1285 2226 selbst
1326 2189 1508 2225 verstelit.
1569 2187 1619 2222 So

925 2243 1013 2278 Tac.
1034 2241 1131 2277 Ann.
1152 2242 1187 2281 4,
1206 2241 1270 2274 57:
1292 2237 1446 2273 tandem
1469 2236 1619 2272 Caesar

928 2292 974 2327 in
1002 2287 1283 2333 Campaniam.

976 2348 1108 2383 affere:
1138 2336 1189 2370 im
1222 2335 1315 2370 Sinu
1346 2343 1421 2367 von
1451 2330 1616 2376 aymare.

932 2385 1005 2432 vgl.
1034 2386 1088 2425 18,
1110 2383 1133 2419 9
1155 2381 1233 2418 und
1254 2393 1300 2416 zu
1322 2382 1379 2422 89,
1403 2382 1436 2414 Τ.

980 2431 1173 2478 quadrato
1192 2429 1368 2474 agmine.-
1385 2426 1470 2462 dem
1490 2425 1620 2460 Zweck

933 2481 1030 2516 nach
1051 2479 1158 2514 nicht
1177 2475 1419 2512 verschieden
1439 2484 1515 2507 von
1537 2472 1621 2506 dem

934 2530 993 2570 46,
1043 2529 1066 2562 6
1115 2528 1328 2572 genanutcn
1376 2521 1453 2556 und
1503 2519 1620 2565 gleich

935 2574 1071 2611 darauf
1104 2572 1390 2609 beschriebenen
1423 2568 1625 2604 wmnimm

937 2634 1088 2669 aqmen.
1141 2621 1214 2657 Die
1252 2616 1497 2664 Hauptsache
1536 2626 1625 2656 war,
