1696 2820
166 79 250 128 102·
627 77 669 117 C.
693 76 944 119 SALLVS'I'I
967 78 1134 126 cmsm
1182 115 1185 116 γ

165 209 244 249 que
259 195 452 250 pleraque
472 196 680 247 Sidoniam
699 211 803 252 quae
819 212 867 240 eo
881 198 1041 241 facilius
1058 198 1307 249 retinebant,
1329 201 1440 253 quod
1458 204 1596 256 procul

119 266 137 293 5
164 255 218 296 ab
243 255 416 309 imperio
443 257 550 314 regis
577 263 759 300 aetatem
786 258 982 312 agebant:
1010 258 1120 300 inter
1148 259 1239 300 illos
1270 265 1312 301 et
1343 261 1599 316 frequentem

167 312 409 357 Numidiam
436 316 560 358 multi
584 318 787 373 vastique.
801 318 879 361 loci
907 324 1037 360 erant.

89 374 144 416 ‘79
275 374 356 417 Sed
383 377 578 430 quoniam
609 377 655 418 in
680 392 749 419 eas
775 378 958 430 regiones
986 393 1059 432 per
1085 378 1400 433 Leptitanorum
1435 382 1602 436 negotia

168 435 370 484 venimus,
398 449 483 478 non
503 436 717 491 indignum
738 437 902 479 videtur
923 438 1128 492 egregium
1149 444 1273 493 atque
1297 439 1482 483 mirabile
1504 443 1601 484 faci-

167 507 244 536 nus
271 494 446 537 duorum
467 497 863 549 Carthaginiensium
887 512 1132 540 memorare:
1161 512 1253 540 eam
1281 514 1367 541 rem
1393 514 1468 542 nos
1489 502 1602 543 locus

106 564 145 592 ,2
173 554 400 597 admonuit.
445 570 528 610 qua
563 562 811 610 tempestate
839 557 1199 609 Carthaginienses
1233 558 1427 613 pleraque
1462 562 1604 603 Africa

166 614 476 668 imperitabant,
503 615 754 668 Cyrenenses
775 629 939 670 quoque
959 617 1099 669 magni
1124 624 1249 671 atque
1269 620 1456 672 opulenti
1475 621 1601 663 fuere.

122 684 140 712 8
167 687 263 728 ager
287 673 333 715 in
358 675 495 717 medio
533 676 771 725 harenosus,
806 690 892 718 una
926 677 1079 730 speeie;
1116 690 1249 730 neque
1285 679 1440 720 flumen
1470 694 1602 734 neque

170 747 287 776 mons
309 739 411 784 erat,
438 735 510 788 qui
530 735 625 777 sinis
646 749 786 778 eorum
803 737 1068 786 discerneret3
1091 751 1196 791 quae
1216 751 1280 778 res
1298 752 1366 779 eos
1387 738 1432 780 in
1452 753 1603 793 magno

51 792 54 795 ’
121 805 140 832 4
168 793 447 848 diuturnoque
475 795 581 837 bello
608 797 718 838 inter
745 811 788 839 se
814 796 972 838 habuit.
1023 802 1245 850 postquam
1269 799 1478 852 utrimque
1506 800 1604 851 legi-

169 867 268 896 ones
304 853 407 896 item
445 855 593 897 classes
630 870 750 911 saepe
786 857 901 898 fusae
938 858 1187 910 fugataeque
1225 863 1269 899 et
1305 858 1426 900 alteri
1454 859 1606 902 alteros

169 913 430 967 aliquantum
450 915 714 966 attriverant,
743 916 878 965 veriti,
906 930 958 958 ne
978 930 1077 958 mox
1101 916 1236 959 victos
1256 917 1515 972 victoresque
1537 919 1605 961 de-

168 974 296 1016 fessos
335 974 439 1016 alius
478 976 780 1029 aggrederetur,
821 991 893 1030 per
929 976 1114 1018 indutias
1143 977 1406 1030 sponsionem
1433 979 1605 1028 faciunt,

169 1033 235 1075 uti
262 1040 374 1076 certo
401 1034 467 1076 die
494 1035 622 1089 legati
646 1035 771 1078 domo
798 1036 1174 1090 proficiscerentur5
1205 1051 1288 1090 quo
1314 1037 1358 1078 in
1383 1038 1472 1080 loco
1498 1039 1607 1080 inter

160 1087 212 1135 'se
234 1093 347 1135 obvii
363 1094 550 1142 fuissent,
571 1096 606 1136 is
623 1096 850 1138 communis
871 1095 1087 1150 utriusque
1102 1097 1245 1150 populi
1261 1097 1356 1138 sinis
1373 1098 1604 1140 haberetur.

123 1164 141 1191 5
172 1153 298 1207 igitur
322 1154 568 1207 Carthagine
595 1156 677 1197 duo
705 1156 853 1198 fratres
879 1155 1005 1205 missi,
1043 1156 1191 1209 quibus
1227 1170 1378 1198 nomen
1402 1158 1607 1200 Philaenis

170 1218 272 1262 erat,
289 1219 549 1256 maturavere
565 1216 643 1256 iter
658 1229 843 1268 pergere:
860 1217 1109 1269 Cyrenenses
1125 1215 1285 1258 tardius
1299 1216 1395 1258 iere.
1412 1216 1457 1258 id
1474 1232 1606 1259 socor-

122 1283 142 1312 ο
168 1272 289 1314 diane
312 1287 366 1315 an
386 1287 484 1316 casu
506 1275 713 1323 acciderit,
741 1289 888 1329 parum
910 1275 1096 1329 cognovi.
1140 1282 1321 1317 ceterum
1341 1277 1447 1318 solet
1465 1277 1511 1318 in
1528 1277 1609 1319 illis

172 1332 272 1374 loci3
289 1339 515 1387 tempestas
531 1334 644 1376 haud
659 1349 774 1377 secus
791 1341 916 1388 atque
931 1337 974 1376 in
990 1336 1095 1377 mari
1115 1336 1306 1384 retinere;
1330 1349 1427 1377 nam
1448 1337 1521 1378 ubi
1538 1352 1610 1390 per

174 1393 265 1434 loca
281 1394 474 1446 aequalia
488 1400 531 1436 et
541 1395 654 1436 nuda
664 1394 919 1450 gignentium
934 1402 1084 1437 ventus
1099 1401 1263 1437 coortus
1274 1397 1470 1438 harenam
1482 1398 1607 1439 humo

167 1453 378 1502 excitavit,
402 1468 450 1495 ea
471 1469 619 1507 magna
646 1456 689 1495 vi
710 1456 867 1508 agitata
888 1470 960 1497 ora
981 1456 1198 1508 oculosque
1220 1456 1387 1509 implere
1409 1457 1527 1498 solet:
1550 1458 1611 1498 ita

209 1546 243 1579 4.
275 1544 418 1589 procul
446 1546 495 1581 ab
526 1546 697 1591 imperio
728 1546 851 1591 reqis:

922 1547 993 1582 loci
1036 1557 1082 1582 zu
1123 1546 1249 1582 fassen
1291 1547 1388 1583 nach
1433 1548 1611 1595 Analogie

161 1592 223 1628 die
245 1592 468 1638 Leptitaner
488 1593 651 1629 standen
672 1595 746 1630 seit
766 1594 853 1630 dem

922 1605 998 1630 von
1023 1599 1104 1630 tota
1125 1594 1232 1630 Asia
1255 1606 1290 1630 u.
1316 1599 1350 1630 a.

161 1641 318 1676 zweiten
346 1641 557 1687 punisohen
586 1642 705 1688 Krieg
734 1643 784 1686 (5,
815 1644 854 1685 4)

160 1689 202 1724 in
249 1689 386 1730 einem,
435 1700 544 1726 wenn
593 1689 690 1725 auch
738 1690 853 1730 losen,

162 1735 702 1782 Untertanigkeitsverhffltnis
719 1749 765 1773 zu
782 1737 856 1773 den

162 1783 305 1820 numid.
351 1784 527 1831 Konigen
579 1785 657 1820 und
708 1785 853 1827 hatten,

160 1832 256 1868 eben
279 1832 363 1867 weil
384 1833 500 1868 ihnen
525 1833 604 1868 dies
628 1834 742 1879 liistig
764 1845 854 1875 war,

162 1880 243 1915 sich
262 1880 320 1915 bei
339 1880 490 1927 Anfang
509 1881 574 1916 des
589 1880 676 1926 Jug.
699 1882 856 1928 Krieges

163 1939 213 1963 an
240 1927 300 1963 die
328 1929 470 1964 Romet-
497 1929 674 1974 gewandt
701 1931 774 1974 (77,
803 1931 852 1973 2).

213 1977 246 2011 5.
263 1975 506 2022 frequentem
514 1977 774 2013 Numidiam:
788 1977 856 2012 dus

164 2023 342 2059 Attribut
376 2036 422 2059 zu
456 2025 582 2060 {essen
616 2026 685 2061 wie
719 2025 856 2060 vorher

168 2072 185 2115 §
210 2072 231 2106 2
255 2077 430 2108 extrema
450 2072 615 2116 Africa:
637 2073 711 2119 vgl.
736 2075 794 2114 61,
818 2074 851 2108 2.

215 2118 276 2154 79.
299 2121 328 2154 l.
346 2131 428 2156 non
447 2119 660 2166 indiynum
680 2120 853 2156 videtur.-

165 2166 240 2250 ggl.
272 2167 331 2208 95,
363 2168 386 2202 2
418 2168 605 2204 idoneum
641 2169 767 2204 visum
798 2174 855 2203 est

194 2225 307 2250 were.

215 2273 301 2298 eam
333 2273 431 2298 rem:
464 2263 715 2309 ungowohnM
749 2268 857 2298 sonst

166 2308 263 2356 folgt
289 2310 376 2346 Sall.
403 2310 489 2345 dem
514 2311 758 2353 sumunt-ineu
786 2310 852 2346 Ge-

169 2357 323 2398 brauoh,
359 2358 513 2393 wonaoh
548 2359 616 2393 das
649 2359 854 2394 substanti-

168 2405 297 2441 vische
327 2405 471 2449 Objekt
498 2406 564 2441 der
597 2406 715 2442 Sacho
744 2410 855 2442 entw.

168 2454 221 2488 im
248 2453 340 2490 Gen.
366 2453 456 2489 oder
478 2454 551 2489 mit
572 2453 617 2489 de
641 2454 746 2489 steht
767 2454 857 2490 oder

167 2500 237 2537 das
248 2501 553 2538 akkusativisehe
566 2501 650 2545 Obj.
665 2503 725 2537 ein
736 2501 859 2538 Neutr

168 2549 231 2584 ist.

217 2597 249 2631 2.
280 2596 467 2643 pleraque
495 2596 659 2639 Africa:
688 2597 743 2632 als
771 2596 854 2632 Abl.

972 1641 1238 1687 Cyrenenses:
1268 1643 1322 1684 19,
1350 1643 1382 1678 3.

972 1690 1005 1725 3.
1048 1690 1095 1725 in
1132 1689 1281 1726 medio:
1320 1690 1525 1726 attributiv
1565 1704 1609 1726 zu

924 1749 1027 1782 aqer.

973 1787 1006 1821 4.
1035 1785 1193 1830 juqatae
1219 1797 1270 1821 se.
1298 1791 1411 1826 εωηι,·
1435 1786 1611 1827 nachher,

925 1834 997 1868 mit
1041 1833 1210 1868 Weohsel
1257 1833 1322 1869 des
1368 1834 1450 1880 Tp.,
1498 1836 1610 1870 attri-

926 1886 1081 1920 verant,-
1113 1893 1197 1916 zum
1231 1880 1353 1928 qupf.
1392 1883 1447 1922 ll,
1480 1883 1512 1917 2.

974 1929 1166 1973 defessos:
1215 1929 1384 1964 derselbe
1436 1929 1613 1966 Gedanko

926 1978 1005 2011 Liv.
1028 1979 1057 2016 l,
1075 1978 1132 2015 23,
1149 1978 1182 2016 9,
1199 1989 1256 2011 wo
1271 1978 1427 2012 Mettius
1442 1978 1613 2013 Fufetius

925 2036 1009 2059 zum
1040 2026 1166 2070 Konig
1194 2025 1323 2060 Tullus
1351 2026 1499 2071 spi-ioht
1525 2026 1613 2060 ‘vmh

924 2084 1010 2108 mor
1053 2079 1145 2113 esto,
1192 2072 1274 2108 iam
1318 2085 1407 2108 cum
1451 2074 1610 2119 sianum

924 2132 1081 2165 puwme
1111 2120 1240 2161 dabis,
1271 2121 1345 2155 has
1373 2120 1476 2156 duas
1505 2122 1612 2157 acies

925 2169 1149 2213 spectaculo
1177 2169 1272 2212 sore,
1300 2174 1344 2204 ut
1371 2169 1499 2211 sesso-s
1525 2181 1611 2206 con-

926 2217 1121 2262 fectosque
1167 2216 1291 2252 simul
1338 2216 1522 2252 victorem·
1566 2229 1614 2252 ae

926 2265 1073 2299 victum
1108 2264 1394 2309 aqqrediantur
1429 2264 1609 2309 (TusciY.

973 2314 1005 2346 5.
1035 2313 1108 2347 iter
1128 2323 1303 2357 perqerc:
1325 2316 1433 2348 sonst
1454 2312 1616 2347 braucht-

930 2360 1016 2394 Sall.
1055 2359 1124 2394 das
1158 2359 1269 2395 Verb.
1308 2359 1405 2395 ohne
1439 2360 1616 2405 jegliches

976 2457 1008 2490 6.
1052 2455 1239 2490 retinere:
1278 2454 1375 2489 ohne
1415 2454 1500 2499 Obj.
1542 2454 1616 2490 ‘eiu

928 2501 1127 2538 Hemmnis
1164 2501 1361 2542 bereiten’;
1400 2514 1446 2538 zu
1483 2504 1542 2541 66.
1581 2503 1614 2537 2.

978 2549 1087 2585 nuda
1134 2550 1402 2595 qiqnentium:
1451 2549 1613 2597 ‘vegeta-

928 2596 1115 2639 t·ionslos';
1158 2597 1376 2643 (liquentia,
1419 2596 1499 2633 hier
1539 2597 1616 2633 und
