1696 2820
365 95 436 134 οε
457 72 630 150 senio
651 77 996 138 ivsvnrnmo.
1025 91 1084 147 o
1108 93 1255 132 10-12
1457 96 1521 139 15

87 214 258 258 ‘sultaet
275 211 802 256 decret-omniarescindi·
821 209 1526 266 nampereatemporaoonfectum

89 275 210 315 annis
238 273 449 328 Micipsam
475 285 623 327 parum
652 272 792 314 animo
819 271 1009 313 valuisse-
1054 275 1146 312 tum
1173 269 1283 312 idem
1312 269 1525 338 Hiempsal
1549 280 1569 307 ο

48 332 52 334 ’
89 334 248 387 placere
267 333 345 374 sibi
363 331 592 387 respondit;
615 345 712 373 nam
730 332 867 400 ipsum
885 331 1002 372 illum
1022 329 1156 371 tribus
1175 329 1387 397 proxumis
1406 329 1527 370 annis

90 393 391 447 [adoptatione]
415 393 462 433 in
487 404 658 446 regnum
683 391 930 460 pervenisse.
975 389 1086 444 quod
1112 389 1285 431 verbum
1311 389 1357 429 in
1382 394 1526 442 pectus
1549 399 1568 425 τ

91 453 312 507 Iugurthae
335 451 459 493 altius
482 464 607 504 quam
630 452 848 504 quisquam
871 456 998 491 ratus.
1009 455 1099 490 erat
1121 448 1345 490 descendit.
1383 449 1526 501 itaque
1549 458 1568 484 ⁸

91 526 142 554 ex
160 526 209 554 so
227 518 409 564 tempore
429 512 489 551 ira
509 517 551 552 et
571 518 686 551 metu
704 511 853 551 anxius
872 510 1008 550 moliri
1025 522 1170 562 parare
1189 514 1316 562 atque
1334 520 1384 549 ea
1402 506 1527 548 modo

90 585 184 613 cum
197 572 335 612 animo
350 571 513 619 habere,
529 570 678 623 quibus
693 570 906 624 Hiempsal
920 582 993 623 per
1008 568 1147 610 dolum
1162 573 1389 622 caperetur.
1419 579 1526 620 quae
1549 578 1569 603 ⁹

89 631 160 672 ubi
173 631 331 672 tardius
344 630 572 684 procedunt
586 643 717 683 neque
730 630 884 671 lenitur
897 629 1059 669 animus
1072 628 1200 676 ferox,
1217 628 1367 668 statuit
1379 627 1527 680 quovis

51 706 60 713 ·
89 689 210 732 modo
235 691 445 744 inceptum
470 690 679 743 perficere.

190 755 329 796 Primo
347 761 566 803 conventu,
587 768 709 808 quem
728 754 782 795 ab
800 754 949 808 regulis
968 754 1124 795 factum
1143 767 1267 806 supra
1285 753 1524 801 memoravi,
1550 753 1600 791 12
1666 779 1670 785 .

87 821 254 868 propter
271 815 563 856 dissensionem
581 814 791 868 placuerat
809 813 940 854 dividi
958 813 1170 854 thesauros
1187 813 1365 866 finisque
1382 812 1528 866 imperi

87 874 255 928 singulis
274 875 483 915 constitui.
519 875 658 927 itaque
678 880 842 927 tempus
862 874 916 914 ad
935 879 1153 926 utramque
1173 886 1259 914 rem
1279 872 1525 920 decernitur,
1549 882 1570 908 2

87 934 159 975 sed
174 935 375 975 maturius
391 934 446 974 ad
460 935 676 987 pecuniam
692 933 1031 975 distribuendam.
1063 932 1191 986 reguli
1206 933 1363 973 interea
1378 932 1423 972 in
1435 931 1527 972 loca

87 995 316 1048 propinqua
336 994 539 1034 thaeauris
558 993 663 1034 alius
684 994 764 1034 alio
785 1006 1028 1034 concessere
1065 992 1137 1033 sed
1156 991 1371 1045 Hiempsal
1390 991 1436 1032 in
1453 1004 1526 1044 op-
1550 1002 1569 1028 ³
1635 1032 1640 1033 δ

86 1053 184 1107 pido
207 1052 419 1093 Thirmida
442 1053 548 1094 forte
571 1054 660 1094 eius
683 1053 805 1094 domo
829 1053 1038 1101 utebatur,
1065 1052 1136 1105 qui
1159 1064 1384 1106 proxumus
1406 1051 1527 1092 lictor

88 1112 312 1166 Iugurthae
333 1126 451 1154 carus
474 1119 746 1181 acceptusque
769 1114 808 1153 ei
830 1126 990 1166 semper
1011 1112 1165 1159 fueram
1191 1125 1314 1165 quem
1336 1109 1405 1152 ille
1427 1123 1527 1152 casu

86 1173 319 1214 ministrum
342 1172 527 1213 oblatum
550 1173 759 1226 promissis
783 1178 927 1213 onerat
948 1171 1202 1225 inpellitque,
1225 1172 1290 1212 uti
1311 1176 1526 1223 tamquam

85 1245 160 1273 sua
172 1232 310 1273 visens
324 1231 492 1272 domum
504 1238 585 1280 eat,
600 1238 813 1286 portarum
826 1232 954 1272 clavis
967 1231 1220 1272 adulterinas
1231 1236 1417 1285 paret—
1429 1242 1527 1270 nam

86 1305 206 1333 verae
227 1290 282 1331 ad
300 1291 580 1345 Hiempsalem
599 1291 881 1333 referebantur
899 1305 970 1338 -3
992 1296 1187 1340 ceterum,
1207 1290 1281 1331 ubi
1300 1304 1366 1331 res
1383 1294 1525 1343 postu·

86 1351 204 1399 latet,
223 1365 267 1391 se
285 1351 420 1404 ipsum
437 1364 531 1391 cum
549 1365 698 1404 magna
716 1365 842 1391 manu
859 1356 1093 1391 venturum.
1127 1349 1310 1391 Numida
1326 1348 1526 1391 mandata
1549 1360 1568 1386 4
1615 1384 1619 1390 ,

87 1410 203 1452 brevi
227 1410 395 1451 conficit
420 1416 558 1463 atque,
585 1411 649 1451 uti
674 1410 819 1451 doctus
844 1416 946 1458 erat,
973 1416 1099 1451 noctu
1125 1409 1349 1463 Iugurthae
1372 1407 1527 1450 milites

87 1469 322 1510 introducit.
355 1470 425 1522 qui
439 1475 660 1523 postquam
675 1471 718 1510 in
734 1470 848 1511 aedis
863 1471 1064 1523 inrupere,
1082 1468 1237 1511 divorsi
1250 1483 1388 1523 regem
1403 1481 1526 1522 quae·
1550 1479 1568 1506 ε

132 1585 167 1619 6.
191 1583 319 1619 tribus
339 1610 350 1618 .
373 1610 381 1618 .
405 1610 415 1618 .
437 1584 683 1628 pervenisse:
704 1595 771 1619 zur
888 1583 1118 1619 Thirmida:
1137 1582 1200 1618 die
1217 1583 1319 1630 Lago
1336 1581 1405 1619 der
1420 1587 1532 1620 sonat

89 1631 207 1668 Smne
225 1642 256 1666 s.
279 1642 326 1667 zu
345 1632 381 1672 9,
403 1632 426 1666 3
443 1630 563 1675 [siche
582 1631 768 1678 Anhang'l.
839 1630 1017 1678 nirgends
1059 1635 1275 1678 genannten
1321 1631 1437 1673 Stadt
1476 1632 1532 1668 ist

132 1686 166 1720 7.
196 1684 368 1720 verbum.-
393 1684 447 1719 ist
468 1685 508 1719 in
533 1683 600 1719 der
626 1683 768 1720 Bedeu-
839 1679 1075 1715 unbekannt·-

86 1725 417 1778 tung‘Ausserung'
431 1732 551 1768 inder
561 1732 768 1779 Umgangs·
886 1744 1110 1778 promamus
1152 1732 1284 1768 lictor:
1433 1733 1527 1769 tlich

84 1780 242 1826 sprache
264 1779 406 1815 fiblich.
838 1779 905 1815 der
926 1781 1071 1815 letzte
1060 1792 1101 1815 m
1122 1779 1190 1814 der
1212 1779 1331 1815 Reihe
1378 1792 1420 1816 er
1439 1780 1527 1816 dem

133 1833 244 1864 ratus
260 1832 361 1862 erae:
377 1827 497 1862 durch
513 1826 582 1862 das
598 1827 766 1874 Plusqpf.
839 1831 931 1863 rom.
971 1828 1175 1874 magistrat
1210 1828 1355 1864 einzeln
1393 1839 1527 1864 voran-
1555 1863 1559 1867 ,

83 1875 136 1909 ist
149 1874 414 1921 ausgedrt'ickt,
430 1874 506 1910 dass
522 1874 608 1910 dem
627 1875 769 1911 Schrei·
838 1875 1100 1911 sohreitenden
1112 1875 1306 1916 Liktorem
1320 1875 1529 1912 daherihm

86 1922 232 1958 benden
259 1922 321 1957 die
349 1923 433 1958 Zeit
460 1923 516 1957 als
543 1922 661 1958 achon
688 1934 767 1958 ver·
838 1923 905 1959 der
954 1924 1122 1964 nachsoe,
1173 1924 1227 1958 im
1277 1924 1409 1970 Range
1458 1924 1526 1960 der

85 1980 230 2052 {sss
255 1969 630 2063 εεεέεεεεδεεεει
654 1970 770 2055 δεεε
838 1970 996 2066 εεεε
1031 1970 1254 2054 εεεδεε
1285 1963 1526 2055 δεεδὲδω·

857 2030 875 2054 ι·
1046 2032 1069 2054 a
1198 2030 1240 2054 er
1453 2031 1529 2055 nen

84 2064 234 2100 verhalt
263 2065 343 2100 sich
375 2064 652 2107 herausstellte3
716 2067 769 2101 im
839 2078 901 2102 am
921 2030 1021 2103 Hoffe
1041 2067 1108 2102 der
1126 2066 1417 2102 auslandischen
1434 2067 1526 2103 Fur-

83 2113 130 2148 D.
158 2112 316 2159 bedingt
340 2113 485 2148 ‘hatte
511 2112 696 2159 gedacht’.
838 2119 943 2156 sten,
982 2114 1049 2149 der
1087 2114 1246 2150 Oberste
1283 2114 1352 2150 der
1379 2115 1526 2151 Palaet-

129 2167 164 2202 8.
200 2177 291 2202 cum
323 2166 460 2202 animo
494 2166 652 2202 habere:
685 2168 769 2202 eine
838 2162 978 2198 wache-

81 2213 223 2250 saltone
237 2213 495 2259 Verbindung,
521 2213 691 2260 haufiger
707 2226 766 2250 vo-
885 2226 1000 2252 casu:
1015 2216 1088 2251 mit
1100 2215 1228 2262 Bezug
1241 2215 1307 2251 auf
1320 2215 1420 2260 torte
1435 2216 1527 2252 eius

83 2260 182 2297 locre
220 2260 333 2305 (auch
372 2264 531 2306 secum),
572 2267 767 2307 reputare,
837 2262 950 2299 domo
976 2263 1160 2299 utebatur
1183 2275 1275 2299 usw·

82 2308 248 2350 hahere,
274 2309 348 2355 Vgl·
379 2310 434 2350 ll,
462 2310 478 2343 l
506 2310 671 2354 wilare.
886 2317 1173 2360 referebantur:
1210 2316 1377 2352 niimlioh
1413 2316 1526 2352 ‘nach

0 2363 21 2411 μ’
36 2387 46 2391 δ
131 2360 190 2398 12.
216 2363 250 2397 3.
271 2362 486 2407 Hiempsal
509 2373 616 2398 usum:
632 2362 767 2399 dasim
835 2364 1116 2410 jedesmaligem
1149 2363 1424 2406 Zuschliessen';
1459 2364 1525 2399 da-

4 2410 257 2452 ‘·-«‚veiteren
287 2410 464 2445 Enshlte
494 2410 655 2456 geschah
688 2412 765 2446 111.
838 2412 905 2447 her
933 2412 1002 2446 das
1032 2411 1144 2458 Impf.
1174 2431 1223 2437 -—
1253 2413 1334 2447 Das
1360 2411 1526 2448 Weitere

67 2456 334 2496 Abweichend
353 2457 422 2492 hat
442 2458 523 2493 Liv.
546 2457 642 2493 nach
663 2459 766 2505 Epit.
837 2459 904 2494 des
934 2459 1128 2506 Auftrsgs,
1158 2459 1226 2495 der
1254 2461 1328 2495 mit
1356 2464 1527 2496 ceterum

38 2508 42 2510 ’
81 2504 317 2540 aonahltl
317 2506 645 2551 uqurthaliiemp
646 2506 768 2542 salem
837 2518 928 2542 usw.
955 2518 1028 2543 nur
1051 2507 1280 2554 angedeutet
1302 2508 1365 2548 ist,
1398 2507 1527 2554 ergibt

84 2548 246 2595 mrem
260 2553 380 2599 petiit
397 2553 469 2588 bel
476 2553 535 2593 lo
554 2554 624 2599 qui
617 2517 769 2590 pvicrus
835 2554 915 2590 sich
936 2566 1004 2590 aus
1024 2554 1111 2591 dem
1130 2554 1285 2591 Verlauf
1303 2554 1371 2590 der
1389 2555 1523 2601 Dinge.

82 2599 289 2638 ooeffliaeur.
884 2605 917 2637 5.
966 2603 1137 2639 divorsi:
1183 2602 1294 2638 nach
1340 2602 1524 2638 verschie-
