1696 2820
166 55 227 111 ”98
480 69 482 71 ·
564 89 570 94 ί
608 64 674 107 eo.
698 62 952 120 sativam
977 62 1144 102 omem

175 184 348 239 experiri
388 184 660 239 periculosum
704 184 883 233 duceret,
928 184 1067 225 varius
1110 183 1370 237 incertusque
1413 182 1610 236 agitabat.

175 245 307 298 neque
335 243 395 285 illi
423 257 487 286 res
516 257 648 297 neque
678 243 892 285 consilium
920 249 995 284 aut
1025 242 1240 297 quisquam
1271 243 1483 283 hominum
1512 243 1612 283 satis

174 303 382 357 placebam
401 303 550 344 iti-nera
567 303 875 356 praefectosque
893 302 936 343 in
954 303 1040 344 dies
1057 308 1231 351 mutare,
1251 302 1374 343 modo
1391 301 1612 342 advorsum

175 363 317 413 hostis,
343 363 551 404 interdum
574 363 618 403 in
642 362 882 404 solitudines
906 375 1084 416 pergere,
1111 376 1231 415 saepe
1257 362 1300 402 in
1324 362 1421 414 fuga
1447 375 1494 403 ac
1518 367 1614 415 post

174 422 298 477 paulo
324 423 368 463 in
394 422 517 462 armis
543 435 658 476 spem
684 422 846 471 habere,
876 421 1078 470 dubitare,
1106 422 1253 462 virtuti
1279 435 1334 461 an
1360 421 1459 462 fidei
1483 435 1611 475 popu-

157 482 321 534 ‚larium
338 482 472 522 minus
489 482 687 523 crederet:
705 482 778 531 ita,
798 494 1054 534 quocumque
1069 480 1315 530 intenderat,
1335 494 1398 521 res
1416 481 1613 522 advorsae

132 551 153 580 2
175 547 304 583 erant.
343 542 415 582 sed
435 542 543 582 inter
564 555 632 582 eas
654 554 789 582 moras
810 547 978 594 repente
1000 554 1085 581 sese
1107 540 1294 581 Metellus
1317 554 1408 581 cum
1432 541 1613 582 exercitu

175 601 374 649 ostendit3
389 599 593 642 Numidae
607 601 660 641 ab
675 601 876 654 Iugurtha
889 613 963 653 pro
977 606 1160 652 tempore
1174 600 1310 652 parati
1322 600 1611 652 instructique:

134 671 152 698 a
175 661 271 702 dein
296 660 494 714 proelium
522 660 726 714 incipitur.
772 673 853 713 qua
880 660 923 699 in
949 664 1066 712 parte
1095 673 1167 699 rex
1193 672 1353 712 pugnae
1381 659 1527 708 adfuit,
1557 660 1611 699 ibi

143 717 148 722 ’
176 720 428 773 aliquamdiu
462 725 682 767 certatum;
720 720 846 760 ceteri
878 719 963 759 eius
997 732 1138 759 omnes
1173 718 1321 759 milites
1353 719 1486 771 primo
1520 733 1611 759 con-

176 793 313 831 gressu
331 780 436 832 pulsi
452 779 675 832 fugatique.
707 779 885 819 Romani
899 778 1106 831 signorum
1123 784 1164 818 et
1181 791 1386 818 armorum
1403 778 1612 831 aliquantu

180 853 358 887 numero,
398 839 574 879 hostium
614 852 836 891 paucorum
874 838 1013 891 potiti;
1054 851 1148 878 nam
1187 838 1311 877 ferme
1348 836 1536 877 Numidis
1573 839 1613 876 iu

177 899 366 939 omnibus
391 899 554 952 proeliis
581 899 709 951 magis
734 898 858 952 pedes
885 911 1008 950 quam
1036 911 1150 938 arma
1178 903 1270 937 tuta
1297 903 1405 937 sunt.

105 962 152 998 75
282 958 342 998 Ea
362 959 458 1011 fuga
478 959 678 1011 Iugurtha
697 958 905 1010 inpensius
926 957 1046 996 modo
1067 957 1187 997 rebus
1207 957 1290 996 suis
1310 956 1502 997 diffidens
1523 970 1612 997 cum

176 1018 355 1071 perfugis
371 1024 413 1059 et
430 1024 545 1071 parte
563 1018 771 1070 equitatus
788 1018 829 1057 in
847 1017 1098 1064 solitudine&
1117 1017 1210 1056 dein
1227 1016 1397 1056 Thalam
1415 1017 1612 1069 pervenit,

176 1078 219 1117 in
246 1077 664 1130 oppidum'magnum
691 1084 816 1130 atque
844 1076 1097 1129 opulentum,
1127 1076 1198 1116 ubi
1226 1076 1406 1129 plerique
1434 1075 1613 1116 thesauri

135 1147 154 1174 2
177 1137 435 1190 filiorumque
459 1137 544 1178 eius
568 1137 722 1177 multus
745 1136 943 1190 pueritiae
968 1136 1101 1176 cultus
1126 1141 1225 1175 erat.
1267 1149 1371 1187 quae
1395 1140 1614 1188 postquam

176 1196 340 1238 Metello
354 1202 563 1250 comperta
578 1202 686 1245 sunt,
704 1209 955 1249 quamquam
969 1195 1076 1235 inter
1090 1195 1261 1235 Thalam
1275 1195 1509 1247 flumenque
1524 1208 1614 1247 pro-

177 1269 349 1297 xumum
371 1256 415 1296 in
437 1256 570 1309 spatio
595 1256 753 1296 milium
777 1255 1075 1308 quinquaginta
1095 1254 1186 1295 loca
1209 1254 1324 1294 arida
1348 1259 1471 1306 atque
1496 1259 1616 1294 vasta

177 1330 262 1357 esse
281 1321 541 1369 cognoverat,
561 1322 701 1356 tamen
719 1329 790 1368 spe
808 1314 1002 1368 patrandi
1019 1314 1126 1361 belli,
1148 1315 1181 1353 si
1198 1314 1284 1355 eius
1302 1313 1444 1367 oppidi
1460 1314 1617 1366 potitus

178 1375 296 1423 foret,
331 1375 462 1416 omnis
495 1376 735 1428 asperitates
768 1374 1037 1428 supervadere.
1072 1388 1117 1413 ac
1151 1379 1341 1414 naturam
1373 1372 1495 1413 etiam
1532 1374 1615 1413 vin-

222 1483 462 1517 quocumque
500 1499 506 1506 .
548 1500 555 1506 .
597 1500 603 1505 .
644 1484 723 1506 ‘ress
760 1472 796 1506 d.
835 1473 858 1506 i.
981 1471 1167 1505 Thalam:
1217 1470 1276 1504 die
1324 1470 1423 1516 Lago
1471 1469 1617 1504 dieses

175 1529 426 1565 qwascunque
468 1519 512 1554 in
555 1530 631 1559 res,
673 1531 752 1559 cae,
794 1520 862 1554 das
931 1518 1050 1553 Thala
1090 1518 1141 1552 ist
1180 1518 1288 1553 nicht
1326 1518 1616 1562 nachgewiesen,

174 1566 389 1602 adverbialo
422 1567 532 1602 Pron.
568 1568 631 1602 rel.
666 1570 766 1602 statt
796 1567 861 1601 des
931 1566 991 1600 die
1047 1564 1199 1610 Gegend
1251 1565 1371 1599 durch
1424 1565 1497 1599 den
1549 1566 1616 1600 Zu-

174 1614 491 1659 adjoktivischem
521 1616 589 1650 wie
611 1615 664 1655 14,
684 1616 730 1649 2⁶2
757 1614 861 1649 unde
931 1612 1201 1658 sammenhang
1225 1612 1291 1647 der
1316 1612 1615 1658 Begebenhcitmi

176 1678 213 1691 τ-
241 1673 385 1708 a-quo:
406 1664 463 1703 74,
487 1663 519 1698 3.
933 1663 1006 1702 (77,
1040 1661 1075 1703 1)
1103 1659 1286 1705 ungefiihr
1315 1661 1519 1695 bestimmt.

222 1711 256 1745 3.
285 1710 513 1756 aliquanto:
539 1709 605 1745 der
629 1710 770 1745 seltene
796 1709 859 1744 ad-
981 1709 1129 1743 cultus:
1157 1708 1307 1743 umfasst
1331 1708 1383 1742 im
1410 1707 1616 1742 konkretasn

173 1757 398 1802 Jektivische
417 1757 613 1793 Gebrauch
631 1757 696 1792 des
713 1757 862 1792 Wortos
935 1757 1047 1791 Sinne
1079 1756 1138 1790 die
1171 1767 1255 1790 zum
1287 1756 1617 1800 standesmfissigen

178 1804 302 1841 findet
336 1806 415 1841 sich
454 1806 549 1840 auch
593 1807 670 1846 105,
710 1807 748 1845 4:
785 1806 858 1850 vgl.
936 1804 1138 1839 Unterhalt
1165 1803 1243 1838 und
1272 1815 1338 1838 zur
1365 1803 1620 1847 Aussstattung

175 1854 233 1894 62,
261 1855 295 1888 5.
931 1852 997 1887 der
1025 1852 1184 1886 Prinzen
1211 1851 1410 1897 geborigeu
1439 1852 1569 1896 Dinge.

223 1900 397 1936 hostium
440 1928 448 1935 .
496 1928 504 1936 .
552 1928 559 1935 .
606 1901 746 1946 potiti:
791 1901 863 1935 mit
979 1901 1012 1934 2.
1041 1900 1085 1934 in
1110 1900 1262 1944 spatio:
1286 1899 1497 1934 ‘innerhalb
1519 1900 1621 1934 eines

174 1948 344 1984 Wechsel
379 1948 446 1984 der
480 1949 761 1984 Konstruktion
796 1948 861 1983 des
934 1947 1126 1987 Raumes';
1163 1947 1223 1981 die
1260 1948 1499 1993 Praposition
1532 1957 1619 1981 vom

176 1995 265 2036 Vb.;
292 2007 338 2032 zu
364 1998 398 2037 8,
430 1998 458 2031 l.
933 1996 1024 2030 Orte
1051 1995 1259 2040 gebraucht
1277 1996 1347 2030 wie
1364 2006 1439 2030 von
1458 1995 1523 2029 der
1541 1994 1622 2029 Zeit

225 2048 327 2079 tuta:
368 2045 421 2079 im
465 2043 591 2078 Genus
632 2043 752 2078 durch
793 2043 862 2077 das
935 2043 992 2078 bei
1010 2044 1054 2077 in·
1071 2042 1148 2083 die,
1165 2043 1209 2077 in
1224 2054 1342 2078 anno.
1369 2043 1422 2078 Zu
1438 2046 1620 2088 ergiinzen

175 2091 865 2136 nahersoehende,grammatischzwar
934 2092 985 2126 ist
1011 2102 1217 2145 passuum,
1245 2092 1314 2125 wie
1329 2092 1388 2129 91.
1402 2091 1444 2127 3:
1480 2091 1558 2130 106,
1584 2092 1618 2123 5.

177 2139 501 2185 untergeordnete,
567 2139 658 2174 aber
724 2138 861 2183 logiech
982 2140 1070 2174 eius
1086 2138 1248 2183 oppidi:
1265 2150 1289 2172 x
1291 2139 1338 2183 gl
1357 2140 1415 2179 76,
1433 2136 1620 2183 5oppido

175 2187 448 2232 gleichwertige
488 2198 605 2232 quam
646 2197 760 2221 arma
802 2186 861 2220 be-
1002 2186 1157 2231 .potiti
1180 2186 1257 2221 und
1281 2189 1338 2223 74.
1364 2188 1396 2221 3.
1437 2186 1549 2221 lndes
1571 2186 1623 2219 ist

175 2235 336 2274 stimmt-‚
366 2234 422 2269 als
449 2234 499 2269 ob
526 2245 566 2268 es
595 2235 702 2269 hiesse
730 2233 861 2279 pedes,
932 2234 998 2269 der
1019 2234 1172 2269 Genitiv
1200 2234 1258 2269 bei
1281 2233 1422 2269 sallust
1440 2233 1619 2278 ha’ufigei.

176 2292 258 2318 non
306 2293 429 2317 arma.
495 2282 568 2317 Zur
619 2282 736 2316 Sache
788 2281 859 2326 vgl.
979 2282 1219 2326 asperitates
1245 2292 1421 2326 supera:
1457 2281 1624 2316 schillert

176 2330 235 2371 52,
278 2331 310 2370 4,
352 2341 436 2365 zum
478 2328 674 2364 Ausdruck
715 2329 860 2375 (Spott·
932 2329 1115 2364 zwischen
1138 2330 1204 2364 der
1226 2329 1475 2375 eigentiichen
1498 2330 1534 2372 (§
1564 2329 1621 2371 10)

178 2381 274 2413 wort
285 2387 354 2412 aus
368 2377 454 2412 dem
470 2377 712 2422 Lagerleben)
727 2376 860 2423 fragm.
934 2377 1009 2411 und
1025 2377 1226 2412 bildlichen
1242 2379 1316 2421 (67.
1332 2379 1370 2421 3)
1386 2376 1619 2420 Bedeutung.

177 2426 267 2461 Aur.
290 2423 397 2462 ,VIII
427 2426 448 2460 :3
480 2425 620 2460 ceter-io
651 2425 745 2469 suaa
778 2430 864 2459 ncta
982 2431 1167 2460 naturam
1189 2452 1196 2459 .
1221 2452 1229 2459 .
1254 2452 1262 2460 .
1286 2425 1459 2460 vincere:
1479 2423 1620 2469 sprieh-

171 2473 271 2517 >suia
299 2483 385 2508 zum
413 2472 618 2507 Gedanken
651 2474 728 2512 107,
759 2472 788 2507 l.
934 2473 1145 2508 wortlicher
1169 2472 1378 2512 Ausdruck‚
1404 2471 1490 2508 dem
1514 2471 1620 2506 deut-

226 2518 285 2556 76.
327 2520 355 2555 l.
398 2520 612 2565 inpensius
651 2519 780 2556 modo:
817 2529 863 2554 zu
933 2520 1046 2555 seben
1074 2520 1156 2556 ‘das
1186 2520 1309 2556 Unm6
1335 2519 1431 2555 liobe
1459 2518 1623 2564 moglich

178 2570 236 2605 47.
274 2568 307 2602 3.
936 2568 1102 2602 mnohen'
1146 2571 1320 2613 ontspreo
1347 2567 1438 2604 end:
1483 2566 1622 2602 ebenso
