1696 2820
191 78 272 121 112
652 75 696 113 C.
721 74 976 113 SALLVS'PI
1000 75 1168 114 CRISPI

152 242 156 246 ,
188 193 402 236 invideant
437 193 568 236 labori
603 194 861 236 innocentiae
897 194 1085 248 periculis
1121 195 1245 236 etiam
1283 195 1396 244 meis,
1434 196 1627 249 quoniam

127 265 164 293 ιο
188 268 261 308 per
295 254 396 295 haec
428 253 545 295 illum
580 254 680 308 cepi.
731 268 875 295 verum
910 254 1095 296 homines
1129 255 1311 308 corrupti
1345 255 1534 308 superbia
1568 256 1629 296 ita

187 318 370 355 aetatem
405 314 545 368 agunt,
584 314 702 368 quasi
735 319 897 355 vostros
933 314 1107 355 honores
1142 319 1422 363 contemnant,
1459 315 1520 355 ita
1555 315 1627 356 hos

125 385 164 412 20
187 378 349 428 petunt,
381 373 499 427 quasi
527 374 697 415 honeste
726 373 917 414 vixerint.
964 388 1015 414 ne
1044 373 1102 414 illi
1131 373 1223 414 falsi
1252 380 1361 423 sunt,
1394 374 1465 427 qui
1493 374 1626 415 divor·

186 433 379 474 sissumas
395 447 459 474 res
473 433 628 487 pariter
642 438 896 486 exspectant,
912 432 1100 486 ignaviae
1115 433 1373 486 voluptatem
1389 440 1432 474 et
1446 434 1627 487 praemia

125 504 160 531 21
186 493 366 534 virtutis.
397 498 523 545 atque
537 492 675 541 etiam,
691 506 785 533 eum
799 492 910 546 apud
922 505 997 533 vos
1012 497 1086 532 aut
1098 492 1141 532 in
1155 498 1302 534 senatu
1315 493 1440 534 verba
1454 494 1623 542 faciunt,

185 552 379 606 pleraque
407 552 591 594 oratione
619 552 793 593 maiores
821 565 915 592 suos
943 551 1165 600 extollunt;
1195 566 1336 593 eorum
1363 553 1487 593 fortia
1515 554 1627 594 facta

122 623 164 650 22
186 611 451 653 memorando
493 611 682 652 clariores
723 626 808 652 sese
850 616 1014 664 putant.
1073 611 1184 664 quod
1224 618 1368 652 contra
1408 618 1486 653 est:
1530 627 1625 653 nam

186 676 343 725 quanto
363 671 453 711 vita
473 671 635 711 illorum
656 671 914 724 praeclarior,
937 676 1056 711 tanto
1079 671 1225 711 horum
1246 671 1429 712 socordia
1450 672 1624 725 flagitio·

123 742 162 770 28
186 731 278 772 sior.
312 736 355 772 et
372 730 557 784 profecto
574 731 635 771 ita
653 745 694 771 se
712 744 776 771 res
794 730 934 771 habet:
955 731 1156 770 maiorum
1174 730 1301 783 gloria
1317 731 1491 784 posteris
1509 733 1626 784 quasi

184 790 324 831 lumen
348 795 423 840 est,
452 804 583 843 neque
608 789 718 830 bona
743 803 874 843 neque
900 790 1009 830 mala
1034 803 1176 831 eorum
1200 790 1244 829 in
1268 790 1428 831 occulto
1453 790 1622 844 patitur.

123 861 162 888 24
186 850 352 892 huiusce
370 850 430 891 rei
447 863 520 903 ego
539 849 720 903 inopiam
738 850 884 899 fateor,
911 849 1107 898 Quiritem
1127 863 1284 898 verum,
1303 849 1347 890 id
1365 849 1476 902 quod
1495 850 1625 890 multo

123 920 161 948 2⁶
184 909 431 964 praeclarius
457 914 532 959 est,
561 915 740 950 meamet
765 909 878 950 facta
903 909 1004 949 mihi
1030 909 1163 950 dicere
1188 909 1295 950 licet.
1339 923 1447 950 nunc
1474 909 1623 958 videte,

185 982 311 1023 quam
330 969 460 1022 iniqui
479 968 574 1009 sint.
611 969 722 1022 quod
742 983 793 1009 ex
812 968 945 1009 aliena
964 968 1119 1009 virtute
1139 968 1217 1008 sibi
1236 974 1441 1021 arrogant,
1463 969 1505 1009 id
1525 969 1625 1009 mihi

184 1043 236 1070 ex
265 1042 357 1070 mea
387 1042 470 1070 non
498 1028 743 1070 concedunt:
775 1028 928 1069 scilicet
958 1028 1055 1081 quia
1083 1028 1280 1081 imagines
1310 1043 1393 1068 non
1422 1028 1552 1069 habeo
1582 1035 1625 1069 et

186 1088 287 1142 quia
306 1088 407 1129 mihi
430 1101 538 1129 nova
563 1088 756 1129 nobilitas
779 1093 860 1136 est;
887 1101 1012 1140 quam
1036 1093 1145 1128 certe
1169 1087 1370 1141 peperisse
1395 1087 1538 1129 melius
1561 1094 1624 1129 est

185 1161 311 1202 quam
338 1153 550 1201 acceptam
576 1148 813 1201 corrupisse.

288 1207 492 1261 Equidem
522 1221 595 1260 ego
627 1221 711 1248 non
730 1207 884 1260 ignoro,
917 1207 952 1246 si
971 1207 1054 1246 iam
1085 1207 1185 1246 mihi
1207 1207 1448 1260 respondere
1479 1207 1621 1256 velint,

184 1267 347 1308 abunde
373 1267 453 1307 illis
480 1266 701 1307 facundam
727 1272 770 1307 et
797 1266 1066 1320 compositam
1093 1266 1322 1307 orationem
1349 1267 1454 1314 fore;
1483 1267 1554 1307 sed
1581 1266 1623 1306 in

184 1331 325 1368 vostro
347 1340 541 1367 maxumo
564 1326 764 1367 beneficio
787 1339 881 1367 cum
903 1326 1092 1366 omnibus
1114 1326 1213 1367 locis
1236 1339 1301 1367 me
1322 1340 1477 1379 vosque
1500 1327 1622 1367 male-

185 1387 306 1428 dictis
324 1386 521 1435 lacerent,·
541 1400 624 1427 non
637 1386 793 1439 placuit
814 1386 995 1434 reticere,
1018 1400 1069 1426 ne
1091 1385 1182 1438 quis
1202 1386 1446 1427 modestiam
1466 1386 1510 1426 in
1529 1400 1621 1427 con·

186 1445 400 1487 scientiam
413 1446 591 1486 duceret.
620 1459 716 1486 nam
731 1459 795 1486 me
812 1445 977 1499 quidem
991 1459 1042 1486 ex
1057 1445 1183 1485 animi
1197 1445 1278 1486 mei
1291 1446 1497 1486 sententia
1511 1446 1622 1486 nulla

123 1218 161 1246 26

124 1457 161 1484 2⁷

230 1538 289 1573 20.
311 1548 360 1573 ne
381 1536 468 1572 illi:
485 1536 695 1573 beteuernd
709 1548 779 1571 vor
792 1536 877 1572 dem

183 1585 298 1621 Pron.
326 1595 373 1621 zu
401 1585 457 1626 14,
485 1585 543 1620 21.

231 1632 333 1677 salsi
358 1637 472 1668 sunt:
497 1631 598 1667 ‘sind
623 1632 676 1666 'un
701 1630 877 1672 Irrtum';

184 1691 278 1762 aus1
291 1679 364 1762 deli
395 1679 762 1726 Umgangssprache,
801 1679 876 1725 vgl.

184 1739 233 1763 zu
282 1729 317 1770 0,
370 1753 379 1762 .

233 1776 290 1811 21.
311 1775 504 1812 clariores
521 1786 605 1810 sese
623 1779 769 1820 putant
787 1785 875 1809 usw.

185 1823 299 1858 nebst
331 1824 349 1868 §
381 1823 444 1859 25:
478 1823 553 1868 vgl.
586 1823 698 1858 Plato
728 1822 876 1857 Menex.

184 1882 221 1917 p.
269 1871 340 1907 247
387 1870 421 1905 B
467 1870 578 1917 ἀνδρὶ
626 1870 793 1916 οἰομένῳ
840 1869 878 1905 τὶ

185 1918 285 1955 εἶναι
323 1918 395 1954 οὐκ
429 1918 536 1955 ἔστιν
573 1919 729 1964 αἴσχιον
767 1916 879 1953 οὐδὲν

184 1966 208 2012 ἢ
252 1966 436 2012 παρέχειν
478 1966 618 2002 ἑαυτὸν
657 1965 880 2012 τιμώμενον

187 2012 242 2060 μὴ
274 2013 323 2049 δι’
359 2013 499 2050 ἑαυτὸν
531 2013 632 2050 ἀλλὰ
664 2013 729 2049 διὰ
761 2013 880 2055 δόξαν

188 2061 401 2107 προγόνων.
443 2061 543 2098 εἶναι
568 2061 638 2107 μὲν
662 2061 737 2107 γὰρ
764 2060 880 2107 τιμὰς

186 2109 334 2154 γονέων
350 2108 530 2154 ἐκγόνοις
548 2109 668 2152 καλὸς
683 2108 880 2155 θησαυρὸς

190 2156 255 2193 καὶ
285 2157 606 2203 μεγαλοπρεπὴς·
636 2157 807 2203 χρῆσθαι
837 2156 880 2192 δὲ

191 2203 256 2240 καὶ
294 2203 506 2250 χρημάτων
548 2204 612 2240 καὶ
651 2207 775 2251 τιμῶν
814 2203 875 2250 οη-

190 2254 314 2297 caup*
365 2251 431 2288 καὶ
474 2252 529 2298 μὴ
574 2254 654 2295 τοῖς
699 2251 880 2297 ἐκγόνοις

190 2312 293 2345 παρα
323 2298 448 2335 ιὸόναι
479 2299 643 2345 αἰσχρὸν
677 2300 741 2335 καὶ
771 2301 877 2335 ἄναν-

188 2346 292 2394 δρον,
325 2346 469 2393 ἀπορία
500 2346 608 2383 ἰδίων
639 2347 759 2383 αὑτοῦ
791 2361 877 2392 κτη-

188 2395 322 2441 μάτων
348 2407 391 2430 re
419 2394 484 2430 καὶ
511 2394 709 2438 εὐδοξιῶν.

234 2443 292 2478 24.
328 2442 495 2479 huiusce
529 2470 536 2477 .
573 2470 580 2478 .
618 2470 624 2477 .
661 2442 807 2487 fateor:
840 2444 878 2477 in

184 2489 312 2526 diesen
331 2489 487 2527 Worten
504 2490 597 2536 liegt
614 2491 722 2526 keine
739 2490 877 2527 Ironie.

185 2538 253 2574 wie
275 2538 315 2572 in
337 2538 522 2574 manchon
545 2538 879 2584 vorhergchenden

185 2585 477 2631 Auspielungen.
528 2597 556 2621 z.
609 2585 651 2621 B.
703 2586 769 2621 auf
816 2586 878 2621 die

927 1535 1127 1581 imaqines
1147 1537 1165 1580 ξ
1188 1537 1233 1572 10
1251 1536 1344 1580 (und
1361 1537 1438 1582 25),
1456 1537 1621 1572 sondern

925 1583 1069 1619 Marius
1107 1584 1270 1619 erkennt
1307 1584 1388 1626 das,
1427 1595 1504 1619 was
1540 1584 1621 1619 ihm

925 1631 1034 1673 fehlt,
1056 1631 1112 1666 als
1132 1632 1194 1666 ein
1214 1643 1263 1667 an
1282 1632 1363 1667 sich
1383 1631 1619 1667 wiinschens-

925 1682 1060 1715 πει-ωε
1094 1678 1174 1714 Gut
1204 1681 1241 1724 (ξ
1276 1680 1319 1715 14
1351 1679 1430 1715 und
1460 1680 1523 1724 23)
1554 1691 1615 1720 an,

925 1726 1083 1763 welches
1114 1726 1206 1762 aber
1236 1726 1334 1762 doch
1365 1727 1537 1774 geringer
1567 1730 1619 1762 sei

925 1776 982 1811 als
1001 1774 1080 1817 das,
1102 1785 1178 1809 was
1198 1786 1238 1810 er
1256 1776 1470 1810 seinerseits
1490 1774 1616 1811 aufzu-

925 1823 1063 1859 weisen
1088 1822 1197 1858 habe.

973 1871 1032 1906 25.
1055 1870 1159 1916 quod
1178 1896 1188 1906 .
1211 1897 1220 1905 .
1244 1897 1252 1905 .
1277 1869 1338 1906 id:
1358 1870 1525 1906 namlich
1546 1870 1619 1906 den

926 1918 1127 1964 Anspruch
1154 1917 1219 1953 auf
1250 1918 1378 1954 solche
1402 1918 1529 1954 Ehren
1552 1919 1620 1954 wie

926 1966 1121 2002 Konsulat
1146 1965 1224 2000 und
1250 1966 1469 2012 Imperium.

975 2015 1032 2050 26.
1061 2013 1241 2059 equidem
1267 2025 1354 2058 eqo:
1378 2026 1425 2049 zu
1455 2015 1509 2054 10,
1535 2015 1568 2048 6.

976 2061 1156 2098 reticere:
1195 2061 1290 2103 ‘das,
1331 2073 1406 2097 was
1445 2073 1533 2096 man
1573 2073 1618 2096 zu

924 2120 1039 2155 sagon
1059 2109 1139 2152 hat,
1160 2109 1458 2150 zuriickhalten’,
1479 2109 1616 2143 ‘unter-

925 2157 1119 2192 driicken'.

974 2205 1130 2241 duceret
1147 2205 1211 2240 in:
1228 2204 1429 2240 Ausdruck
1446 2216 1516 2239 aus
1533 2203 1617 2239 dom

926 2252 1279 2298 Rechnungswescn
1304 2252 1384 2287 ‘auf
1410 2251 1618 2296 Rechnung

925 2300 1083 2341 setzen';
1122 2300 1195 2346 vgl.
1232 2301 1291 2337 82.
1329 2302 1350 2335 3
1386 2305 1543 2336 vortere.

975 2350 1031 2383 27.
1062 2360 1111 2383 ea·
1135 2348 1268 2383 animi
1292 2347 1374 2384 mei
1400 2347 1616 2383 sententia:

926 2397 1009 2431 eine
1046 2395 1229 2431 stehende
1268 2395 1429 2436 Foemsl,
1470 2406 1534 2429 um
1573 2405 1618 2428 zu

926 2443 1155 2485 vorsiohern,
1186 2443 1262 2478 dass
1291 2443 1359 2478 das
1389 2443 1619 2487 Ausgesagtae·

925 2490 986 2526 die
1006 2491 1145 2527 ‘wahre
1165 2489 1537 2535 Herzensmeinung',
1558 2489 1618 2524 die

925 2539 1092 2575 innerste
1118 2533 1391 2584 Uberzeugung
1416 2538 1481 2572 des
1510 2538 1615 2582 Spre-

925 2586 1094 2621 chonden
1125 2587 1188 2621 sei.
