1696 2820
190 108 273 160 142

655 109 702 148 c,
724 108 977 148 SAnLvsrl
999 108 1168 147 CRISPI
1230 95 1234 98 ⁴

148 243 166 271 ⁶
189 236 236 273 et
251 230 474 272 advorsum
491 243 573 278 eos,
595 242 698 282 quos
715 242 837 282 saepe
855 227 1052 269 vicerant.
1087 226 1254 268 interim
1271 225 1431 279 equites
1449 226 1636 280 explora-

89 294 167 334 106
188 296 282 332 tum
293 289 506 344 praemissi
518 302 618 337 rem,
632 287 697 330 uti
707 292 812 337 erat,
828 287 1012 341 quietam
1026 286 1234 328 nuntiant.
1263 285 1399 326 Volux
1413 285 1638 328 adveniens

189 354 451 404 quaestorem
479 348 661 401 adpellat
688 346 869 401 dicitque
897 361 941 388 se
970 360 995 386 a
1021 351 1141 399 patre
1170 345 1333 386 Boccho
1362 344 1527 386 obviam
1555 344 1636 385 illis

189 409 311 452 simul
327 414 371 450 et
386 407 589 462 praesidio
606 407 788 448 missum.
821 405 969 447 deinde
986 420 1080 447 eum
1097 411 1140 446 et
1156 418 1405 458 proxumum
1422 404 1531 444 diem
1548 404 1637 446 sine

147 481 169 509 2
190 474 306 511 metu
321 467 529 510 coniuncti
545 472 657 508 eunt.
693 471 800 520 post,
821 466 894 507 ubi
909 471 1044 506 castra
1059 466 1196 506 locata
1214 470 1257 505 et
1273 464 1354 505 diei
1369 477 1514 517 vesper
1532 469 1635 513 erat,

189 533 358 582 repente
372 528 540 569 Maurus
553 526 709 567 incerto
722 526 841 566 voltu
854 538 1010 578 pavens
1025 524 1079 564 ad
1095 524 1250 566 Sullam
1265 523 1441 564 accurrit
1455 523 1637 575 dicitque

190 587 268 630 sibi
285 602 337 628 ex
354 586 677 640 speculatoribus
695 585 905 638 cognitum
923 584 1168 636 Iugurtham
1186 583 1297 623 haud
1314 583 1456 636 procul
1474 583 1634 631 abesse;

191 647 325 696 simul,
349 646 413 687 uti
435 651 562 686 noctu
583 646 689 686 clam
711 658 848 685 secum
870 644 1119 697 profugeret,
1143 648 1262 695 rogat
1284 648 1408 695 atque
1432 642 1635 683 hortatur.

149 719 168 746 s
190 707 257 748 ille
276 706 412 747 animo
429 704 554 746 feroci
571 709 695 757 negat
711 718 753 744 se
771 704 924 744 totiens
941 703 1079 743 fusum
1096 700 1320 742 Numidam
1336 702 1636 755 pertimescere:

190 766 339 807 virtuti
354 778 521 806 suorum
542 764 643 804 satis
663 763 844 810 credere;
867 763 1029 803 etiamsi
1050 767 1162 803 certa
1177 761 1305 815 pestis
1325 761 1499 809 adesset,
1522 774 1637 800 man-

194 839 336 867 surum
356 824 507 878 potius,
531 837 669 876 quam,
691 823 865 876 proditis
886 836 989 875 quos
1005 821 1195 870 ducebat,
1218 820 1330 873 turpi
1346 821 1444 873 fuga
1458 820 1639 861 incertae

149 898 168 924 4
191 899 239 926 ac
253 884 428 926 forsitan
441 888 537 937 post
550 883 672 936 paulo
688 882 830 923 morbo
845 882 1086 922 interiturae
1100 881 1212 921 vitae
1227 885 1424 933 parceret.
1455 885 1638 920 ceterum

160 963 165 966 ’
190 945 245 987 ab
275 943 419 985 eodem
448 943 642 991 monitus,
674 942 738 982 uti
768 947 895 982 noctu
923 941 1291 994 proficiscerentur,
1323 939 1536 979 consilium
1566 938 1640 978 ad-

190 1004 343 1058 probat
373 1017 421 1044 ac
452 1002 596 1042 statim
627 1002 776 1042 milites
808 1006 975 1042 cenatos
1006 1014 1091 1041 esse
1107 1033 1115 1048 ‚
1159 1000 1202 1039 in
1233 999 1493 1051 castris[que]
1533 998 1639 1051 ignis

191 1077 317 1118 quam
335 1062 613 1103 creberrumos
631 1061 735 1109 fieri,
755 1061 850 1101 dein
867 1061 1000 1113 prima
1018 1060 1157 1112 vigilia
1175 1058 1336 1099 silentio
1355 1058 1491 1110 egredi
1508 1057 1640 1099 iubet.

150 1135 168 1161 5
191 1123 356 1176 iamque
378 1127 578 1162 nocturno
600 1121 746 1161 itinere
767 1120 882 1161 fessis
905 1119 1095 1160 omnibus
1120 1119 1231 1159 Sulla
1252 1118 1406 1171 pariter
1427 1131 1520 1157 cum
1543 1123 1639 1158 ortu

192 1182 288 1224 solis
308 1187 444 1223 castra
462 1180 712 1228 metabatur,
734 1193 828 1220 cum
847 1179 1005 1231 equites
1025 1179 1158 1219 Mauri
1179 1177 1374 1218 nuntiant
1394 1176 1640 1229 Iugurtham

150 1254 169 1280 s
193 1242 353 1284 circiter
387 1241 516 1281 duum
551 1240 710 1280 milium
744 1239 961 1279 intervallo
997 1243 1094 1278 ante
1130 1251 1198 1278 eos
1233 1236 1474 1277 consedisse.
1526 1235 1640 1288 quod

190 1306 413 1356 postquam
433 1299 621 1340 auditum
640 1304 716 1347 est,
736 1304 828 1339 tum
847 1312 944 1339 vero
963 1298 1105 1350 ingens
1124 1302 1258 1338 metus
1278 1301 1439 1336 nostros
1457 1295 1634 1336 invadit:

190 1360 354 1403 credere
375 1374 418 1400 se
438 1359 624 1412 proditos
646 1373 671 1399 a
691 1358 842 1398 Voluce
864 1363 908 1398 et
928 1357 1085 1398 insidiis
1106 1357 1417 1397 circumventos.
1455 1369 1503 1395 ac
1524 1355 1638 1395 fuere

191 1420 263 1474 qui
298 1420 481 1460 dicerent
515 1432 642 1458 manu
676 1417 970 1458 vindicandum
1007 1431 1138 1469 neque
1174 1415 1285 1468 apud
1319 1415 1435 1455 illum
1470 1420 1637 1454 tantum

91 1484 167 1523 10⁰2
191 1480 322 1522 scelus
358 1479 538 1519 inultum
574 1477 899 1530 relinquendum.
954 1481 999 1516 at
1039 1476 1164 1524 Sulla,
1204 1488 1456 1527 quamquam
1493 1474 1637 1514 eadem

189 1538 482 1586 existumabat,
500 1542 642 1578 tamen
658 1537 710 1576 ab
726 1536 874 1577 iniuria
889 1536 1078 1577 Maurum
1095 1535 1303 1588 prohibet;
1321 1548 1415 1574 suos
1431 1533 1634 1582 hortat-ur,

234 1654 268 1688 5.
316 1651 381 1687 uti
427 1655 529 1687 erat:
575 1649 789 1696 personlich
836 1661 882 1684 zu

186 1700 315 1736 fassen
347 1699 420 1734 mit
451 1699 679 1745 Erganzung
710 1709 787 1733 von
820 1709 884 1733 res

187 1774 198 1785 .
225 1775 234 1784 .
263 1774 272 1783 .
299 1747 446 1792 quieta.

237 1798 323 1837 106.
369 1800 399 1834 1.
443 1803 557 1844 patre
599 1798 772 1835 Boccho:
814 1797 883 1832 das

186 1848 298 1885 Nom.
339 1858 467 1893 propr.
507 1846 630 1882 neben
667 1845 746 1880 und
784 1845 883 1881 nach

187 1896 276 1932 dem
294 1894 406 1935 Nom.
428 1894 579 1940 appell„
599 1895 683 1929 weil
702 1893 769 1928 der
790 1893 883 1929 Sinn

187 1945 256 1980 ist:
313 1942 463 1979 Bocchi
517 1947 649 1978 autem
703 1953 743 1977 se
799 1952 883 1977 esse

187 1991 341 2037 lilium.

235 2039 270 2074 2.
295 2038 442 2075 locata:
463 2047 538 2083 erg.
563 2042 677 2078 smil,-
698 2047 743 2071 zu
766 2038 825 2078 79,
847 2037 881 2071 4.

235 2086 300 2122 uti
319 2113 327 2120 .
351 2112 359 2121 .
383 2112 391 2120 .
413 2085 652 2130 prolatura,
674 2089 804 2129 roqat:
823 2083 884 2118 die

186 2132 799 2224 ἒὲἒὲἕῖῗῗὲἷέἶῐὲἓέιῗῗὲἒὲψῖἳ
813 2131 886 2214 ἑῖἱῖἷ

187 2229 293 2265 Coni.
344 2228 458 2273 Impf.
508 2227 594 2262 dem
642 2228 883 2273 Hauptsatze

186 2277 261 2312 mit
290 2276 415 2310 Praes.
448 2275 537 2310 hist.
570 2275 808 2321 voraufgeht.

236 2330 269 2365 3.
292 2328 431 2373 potius
451 2339 569 2373 quam
590 2354 598 2362 .
622 2355 630 2363 .
654 2355 663 2362 .
685 2331 883 2371 parceret:

186 2377 228 2412 in
273 2375 443 2411 direktcr
489 2375 593 2409 Rcde
640 2375 768 2411 wiirdc
814 2374 883 2409 das

187 2423 356 2460 Verbum
379 2422 444 2458 des
467 2423 883 2468 Vergleichungssatzes

187 2472 240 2507 im
282 2470 508 2506 Potentialis
549 2470 616 2505 der
660 2470 885 2515 Gcgenwart

187 2519 423 2559 crscheinen;
450 2530 568 2564 quam
591 2523 635 2553 ut
658 2519 779 2553 kennt
804 2518 880 2553 Sal-

188 2568 267 2603 lust
289 2566 408 2608 nicht,
432 2566 508 2611 vgl.
535 2567 615 2612 lug.
643 2567 702 2607 24,
727 2568 761 2602 9.

236 2618 420 2655 ducebat:
436 2630 520 2654 zum
535 2619 670 2655 Modus
683 2619 757 2665 vgl.
774 2619 833 2661 63,
851 2619 881 2654 1.

989 1651 1023 1684 4.
1046 1654 1184 1684 noctu:
1204 1647 1315 1683 ‘noch
1335 1648 1375 1682 in
1395 1646 1462 1682 der
1479 1646 1635 1689 Nacht‘,

940 1697 1010 1732 wie
1039 1697 1056 1740 §
1084 1697 1118 1731 2.

990 1749 1127 1784 statim
1158 1753 1320 1784 conatos
1351 1758 1453 1783 esse:
1483 1746 1545 1782 die
1574 1746 1637 1783 die

941 1797 1176 1842 Biindigkeit
1244 1795 1312 1830 der
1380 1794 1638 1830 soldatischen

944 1844 1109 1890 Sprache
1171 1842 1478 1889 wiedergebende
1540 1843 1634 1878 Aus-

940 1892 1190 1928 drueksweise
1215 1891 1322 1926 stellt
1345 1891 1406 1925 die
1431 1890 1551 1926 durch
1576 1890 1639 1925 die

940 1940 1188 1985 Ausfiihrung
1238 1939 1304 1974 des
1356 1938 1507 1973 Befehls
1558 1942 1640 1974 erst

940 1987 1139 2023 werdende
1177 1986 1385 2032 Handlung
1421 1987 1478 2021 als
1514 1986 1639 2021 soiort

940 2035 1135 2072 vollendet
1164 2035 1243 2077 hin,
1275 2034 1350 2080 vgl.
1382 2035 1442 2075 91,
1474 2034 1507 2069 2.

990 2091 1023 2124 5.
1081 2088 1224 2124 duum:
1275 2099 1342 2122 zur
1390 2087 1504 2122 Form
1557 2087 1634 2132 vgl.

991 2186 1025 2219 6.
1076 2182 1188 2228 apud

946 2230 1292 2266 Gesamtausdruck
1341 2229 1516 2265 inultum
1563 2229 1632 2264 rel.

942 2279 1145 2325 athngig,
1176 2278 1284 2313 nicht
1309 2289 1382 2312 von
1410 2278 1634 2322 relinquen-

942 2327 1034 2362 dum
1072 2327 1200 2361 allein:
1238 2325 1292 2360 'es
1327 2325 1436 2360 diirfe
1472 2336 1520 2359 an
1556 2325 1635 2360 ihm

1237 2182 1354 2217 illum
1361 2194 1374 2217 :
1422 2193 1498 2216 von
1546 2181 1634 2217 dem

942 2375 1050 2410 nicht
1073 2373 1289 2420 ungestraft
1312 2372 1484 2408 bleiben’.
1525 2372 1638 2417 apud

941 2422 1035 2458 wird
1057 2422 1159 2457 dann
1182 2421 1260 2456 und
1281 2431 1391 2456 wann
1413 2420 1634 2466 gebraucht,

940 2483 998 2505 wo
1050 2482 1139 2505 man
1192 2470 1237 2505 in
1287 2471 1503 2508 erwartetc;
1557 2468 1632 2514 vgl.

941 2519 1000 2559 24,
1032 2519 1091 2558 10;
1124 2518 1203 2559 110,
1230 2519 1263 2552 3.

992 2570 1076 2606 107.
1095 2572 1124 2605 1.
1140 2571 1189 2606 ab
1205 2568 1383 2604 iniuria:
1396 2569 1436 2602 in
1446 2569 1635 2613 passivem

944 2618 1049 2660 Sinn,
1073 2618 1150 2653 und
1172 2616 1353 2663 prohibet
1376 2632 1414 2645 =
1442 2615 1634 2660 defendit.
