1696 2820
198 85 250 128 16
654 76 697 116 C.
722 74 975 117 SALLVS'I'I
1001 73 1173 113 CRISPI

138 201 140 203 ’
187 213 291 249 rere,
313 198 554 241 dormientis
574 197 675 238 alios
696 196 797 237 alios
817 194 1068 237 occursantis
1086 192 1330 241 interficere,
1352 192 1526 233 scrutari
1544 191 1634 232 loca

191 258 348 308 abdita,
377 258 515 300 clausa
541 257 769 310 effringere,
799 255 975 309 strepitu
1002 258 1046 295 et
1071 252 1255 294 tumultu
1282 252 1422 293 omnia
1447 251 1632 292 miscere:

191 331 286 360 cum
309 318 475 360 interim
500 315 714 370 Hiempsal
738 315 939 368 reperitur
963 312 1173 354 occultans
1197 326 1240 353 se
1265 311 1431 365 tugurio
1454 310 1636 352 mulieris

148 388 169 416 ο
192 377 377 426 ancillae,
396 390 478 431 quo
492 377 614 418 initio
629 374 804 430 pavidus
820 379 863 415 et
878 374 1043 426 ignarus
1057 371 1138 412 loci
1152 372 1398 426 perfugerat.
1431 368 1634 411 Numidae

193 442 319 491 caput
345 438 444 485 eius,
472 436 536 477 uti
561 436 660 476 iussi
687 439 816 482 erant,
846 432 900 473 ad
926 431 1169 485 Iugurtham
1194 431 1390 472 referunt.

92 508 94 510 ’
122 505 172 543 18
297 502 487 543 Ceterum
506 501 616 541 fama
634 500 743 541 tanti
761 498 953 539 facinoris
970 510 1044 550 per
1060 510 1224 537 omnem
1243 496 1425 537 Africam
1443 495 1558 536 brevi
1576 494 1635 534 di-

195 561 402 615 volgatur;
422 559 695 602 Adherbalem
714 558 941 611 omnisque,
964 556 1034 609 qui
1053 556 1129 597 sub
1148 556 1320 609 imperio
1338 555 1532 608 Micipsae
1551 554 1636 595 fue-

194 626 301 669 rant,
325 625 459 661 metus
480 618 654 667 invadit,
677 619 719 658 in
742 617 845 658 duas
865 617 997 670 partis
1018 615 1235 656 discedunt
1256 613 1478 662 Numidae3
1501 614 1637 668 plures

154 691 172 718 2
196 679 468 721 Adherbalem
490 683 696 726 secuntur,
720 677 792 718 sed
813 676 929 717 illum
952 676 1128 716 alterum
1150 675 1255 716 bello
1278 674 1476 715 meliores.
1514 674 1640 727 igitur

199 739 399 793 Iugurtha
419 752 542 791 quam
563 750 778 778 maxumas
798 740 938 789 potest
958 736 1096 788 copias
1117 739 1264 783 armat,
1286 734 1399 774 urbis
1418 733 1572 787 partim
1593 733 1635 772 vi

196 799 297 839 alias
317 799 532 839 voluntate
554 797 724 850 imperio
747 809 820 836 suo
842 795 1043 848 adiungit,
1067 795 1179 835 omni
1200 792 1420 835 Numidiae
1441 794 1639 846 imperare

158 871 175 895 :³
198 862 330 912 parat.
366 857 584 905 Adherbal,
605 857 772 897 tametsi
791 856 967 896 Romam
985 855 1142 908 legatos
1160 855 1341 901 miserat,
1362 853 1432 906 qui
1450 858 1636 893 senatum

197 918 390 959 docerent
408 917 458 958 de
477 917 600 958 caede
618 916 758 956 fratris
777 920 819 956 et
837 915 1014 956 fortunis
1033 914 1127 962 suis,
1149 919 1289 954 tamen
1306 913 1437 953 fretus
1454 911 1639 952 multitu·

158 990 176 1015 4
200 977 295 1018 dine
318 977 496 1017 militum
519 976 693 1030 parabat
717 975 841 1015 armis
863 973 1121 1015 contendere.
1162 973 1233 1014 sed
1255 973 1326 1013 ubi
1349 986 1414 1013 res
1437 970 1490 1012 ad
1513 975 1640 1012 certa-

197 1049 291 1078 men
317 1037 445 1085 venit,
472 1036 607 1076 victus
633 1049 685 1076 ex
709 1034 862 1088 proelio
887 1034 1070 1087 profugit
1090 1034 1133 1074 in
1152 1033 1406 1086 provinciam
1427 1045 1474 1072 ac
1495 1029 1642 1072 deinde

159 1108 176 1134 5
201 1097 376 1138 Romam
400 1095 625 1137 contendit.
665 1100 756 1135 tum
781 1094 981 1147 Iugurtha
1004 1093 1181 1147 patratis
1204 1092 1396 1140 consiliis,
1421 1096 1642 1145 postquam

186 1156 332 1197 «omnis
356 1153 575 1197 Numidiae
600 1154 851 1208 potiebatur,
877 1154 921 1194 in
946 1154 1032 1194 otio
1058 1153 1216 1193 facinus
1241 1166 1360 1193 suum
1385 1164 1478 1192 cum
1505 1150 1643 1190 animo

201 1221 396 1269 reputans
417 1216 561 1257 timere
582 1214 781 1268 populum
802 1214 1037 1254 Romanum
1059 1226 1191 1265 neque
1214 1211 1411 1252 advorsus
1431 1212 1535 1251 iram
1557 1210 1644 1250 eius

199 1289 373 1328 usquam
392 1275 471 1315 nisi
489 1275 533 1316 in
552 1274 730 1315 avaritia
749 1273 979 1314 nobilitatis
998 1278 1041 1314 et
1059 1272 1235 1326 pecunia
1253 1285 1328 1312 sua
1347 1284 1461 1325 spem
1480 1269 1641 1310 habere.

158 1346 176 1372 c
201 1335 340 1387 itaque
356 1334 496 1388 paucis
513 1333 658 1375 diebus
674 1347 768 1375 cum
785 1346 883 1373 auro
901 1338 943 1373 et
960 1337 1128 1385 argento
1145 1331 1276 1372 multo
1292 1331 1469 1371 Romam
1484 1330 1640 1382 legatos

200 1395 346 1443 mittit,
365 1395 456 1447 quis
472 1394 684 1448 praecipit,
702 1393 882 1446 primum
898 1393 962 1433 uti
979 1397 1138 1433 veteres
1155 1391 1308 1431 amicos
1324 1389 1561 1430 muneribus
1578 1401 1643 1428 ex-

201 1454 354 1507 pleant,
377 1453 524 1495 deinde
547 1467 676 1494 novos
698 1452 932 1505 adquirant,
955 1457 1163 1505 postremo
1186 1463 1466 1504 quaecumque
1486 1448 1645 1502 possint

162 1523 178 1550 ⁷
202 1513 415 1567 largiundo
436 1527 579 1567 parare
601 1527 654 1554 ne
675 1516 932 1554 cunctentur.
970 1510 1042 1551 sed
1061 1510 1134 1551 ubi
1154 1510 1331 1551 Romam
1351 1509 1477 1562 legati
1498 1520 1645 1548 venere

202 1577 246 1614 et
262 1587 314 1614 ex
330 1578 549 1627 praecepto
566 1572 672 1626 regis
690 1571 920 1625 hospitibus
938 1570 1122 1623 aliisque,
1143 1583 1317 1623 quorum
1335 1582 1383 1609 ea
1401 1572 1646 1621 tempestate

201 1631 245 1673 in
272 1638 419 1679 senatu
448 1632 709 1674 auctoritatis
736 1630 931 1685 pollebat,
963 1643 1110 1683 magna
1140 1643 1309 1670 munera
1339 1629 1497 1676 misere,
1528 1632 1648 1667 tanta

200 1757 321 1794 denen
359 1757 599 1804 Riohtungen
635 1757 715 1793 sich
754 1758 887 1792 vei-tei-
1006 1759 1039 1792 5.
1083 1737 1276 1801 patratis:
1320 1754 1388 1790 das
1430 1753 1496 1789 der
1537 1753 1645 1788 alter-

200 1805 314 1842 lcnd’.
959 1803 1167 1839 tiimlichen
1188 1802 1353 1849 Sprache
1371 1805 1646 1838 entnommene.

247 1858 435 1895 mulieris
476 1859 669 1895 ancillae:
711 1859 751 1894 in
792 1859 888 1894 klas-
959 1863 1037 1887 von
1074 1851 1150 1888 Cic.
1191 1850 1271 1886 und
1310 1851 1394 1886 cas.
1435 1847 1650 1895 gemiedene

200 1906 340 1942 sischer
356 1907 474 1943 Prosa
488 1907 629 1943 seltenc
646 1906 892 1952 Verbindung
959 1900 1030 1935 Vb·
1058 1898 1245 1945 begegnet
1268 1897 1327 1934 0st
1351 1897 1411 1933 bei
1440 1896 1529 1933 Sall·

202 1955 332 1991 zweier
345 1954 644 2001 eigentlicher
661 1954 803 1996 Subst„
818 1965 889 1989 wo·
1009 1955 1043 1987 5.
1091 1952 1335 1997 potiebatur:
1380 1952 1423 1987 in
1468 1949 1535 1985 der
1582 1949 1649 1984 Be-

203 2013 280 2037 von
317 2002 386 2037 das
424 2002 486 2038 die
524 2002 789 2048 Bezeichnung
827 2001 892 2036 des
962 2000 1133 2046 deutung
1152 1999 1229 2035 ‘die
1249 1999 1381 2035 Macht
1400 1998 1494 2034 iiber
1514 2000 1652 2032 etwas

208 2049 369 2086 Standes
406 2050 649 2086 enthaltende
687 2050 893 2085 attributiv
962 2047 1139 2090 haben’;
1175 2047 1262 2083 Tac.
1298 2047 1397 2082 Ann.
1432 2047 1467 2087 2,
1501 2046 1548 2080 42
1583 2056 1653 2079 νεα·

207 2108 292 2132 zum
345 2097 630 2144 allgemeineren
683 2098 787 2139 tritt;
842 2098 894 2132 im
962 2096 1187 2132 Archelauo
1198 2094 1571 2142 quinquagesimum
1583 2104 1650 2127 an-

210 2144 355 2181 Grioch.
374 2144 503 2191 hauiig
518 2157 607 2181 vom
622 2145 895 2182 Homerischen
963 2156 1061 2180 num
1107 2142 1368 2190 Cappadocia
1412 2141 1650 2187 potiebatur.

208 2191 336 2238 δμωαὶ
371 2195 550 2238 γυναῖκες
582 2193 659 2229 und
685 2193 783 2240 γυνὴ
810 2192 893 2228 δέσ-
964 2193 1045 2228 Das
1071 2191 1183 2237 Impf.
1210 2190 1307 2226 nach
1332 2194 1543 2235 postquam
1567 2199 1651 2223 zum

215 2252 328 2276 ποινα
352 2251 414 2276 an.
965 2239 1165 2274 Ausdruok
1209 2238 1274 2273 des
1320 2236 1538 2273 dauernden
1584 2236 1652 2271 Zu-

257 2291 318 2330 18.
339 2294 368 2328 1.
388 2293 523 2329 illum:
538 2294 578 2329 in
594 2294 659 2329 der
672 2293 898 2338 Bedeutung

209 2340 276 2376 des
315 2340 493 2376 Artikels.

257 2395 292 2429 4.
314 2394 566 2439 provinciam
586 2395 622 2429 d.
646 2396 670 2429 i.
693 2395 898 2438 Africam:

210 2441 280 2476 das
305 2441 511 2487 ehemalige
539 2442 674 2478 Gebiet
699 2453 774 2478 von
801 2442 895 2477 Kar-

212 2488 338 2535 thago,
351 2490 425 2525 seit
436 2488 522 2524 dem
534 2488 678 2525 dritten
691 2488 898 2535 punisohen

211 2534 349 2620 {flego
386 2536 568 2572 romische
608 2537 783 2577 Provinz;
824 2537 895 2582 vgl.

967 2287 1134 2322 standes.

1014 2342 1047 2375 6.
1063 2339 1208 2385 paucis
1217 2338 1373 2374 diebus:
1385 2337 1548 2373 namlich
1559 2337 1653 2372 nach

967 2388 1033 2423 der
1042 2388 1249 2433 Besiegung
1256 2386 1482 2421 Adherbals:
1494 2395 1539 2420 zu
1553 2386 1567 2419 l
1578 2386 1608 2426 l,
1619 2386 1652 2419 2.

1016 2450 1279 2486 quaecumque
1312 2451 1418 2475 usw.:
1458 2438 1530 2474 alle
1554 2441 1655 2483 mog-

968 2488 1091 2523 lichen
1134 2487 1336 2523 Anstalten
1381 2486 1544 2522 mittelst
1589 2485 1655 2520 Be-

969 2536 1152 2583 steohung
1163 2535 1208 2571 au
1221 2533 1371 2570 treffen.
1384 2554 1430 2559 -κ
1445 2532 1658 2578 laryiundo

969 2584 1074 2618 steht
1097 2583 1195 2618 ohm²
1221 2582 1374 2626 Objekt.
