1696 2820
150 121 208 165 ‘32

616 108 658 149 0.
683 104 939 149 SALLVSTI
962 102 1131 143 omem

141 234 359 278 Numidas
383 230 636 286 insequentis
662 226 876 270 moenibus
901 222 1126 278 prohibuit,
1153 234 1237 262 uno
1264 218 1331 260 die
1356 217 1466 259 inter
1491 216 1593 257 duos

116 308 134 335 a
157 308 271 349 reges
296 297 488 348 coeptum
514 295 639 343 atque
665 291 878 342 patratum
903 284 1056 326 bellum
1082 281 1201 324 foret.
1243 278 1369 332 igitur
1393 275 1594 330 Iugurtha

157 355 355 411 oppidum
381 349 651 398 circumsedit,
677 347 809 388 vineis
833 343 1095 397 turribusque
1121 346 1164 382 et
1188 337 1388 380 machinis
1413 335 1594 377 omnium

159 427 351 469 generum
370 423 602 465 expugnare
619 405 866 461 aggreditur,
885 415 1077 444 maxume
1094 400 1293 443 festinans
1311 402 1475 450 tempus
1490 394 1595 448 lega—

160 480 299 516 torum
329 477 581 523 antecapere,
614 481 716 520 quos
745 470 841 506 ante
870 463 1070 517 proelium
1099 460 1255 501 factum
1287 457 1339 498 ab
1372 453 1597 496 Adherbale

121 607 139 633 4

161 534 339 576 Romam
366 531 510 571 missos
538 527 764 578 audiverat.

269 592 349 634 Sed
370 595 591 644 postquam
612 591 779 628 senatus
800 584 852 625 de
873 582 979 624 bello
1002 593 1143 622 eorum
1164 577 1334 631 accepit,
1358 581 1442 616 tres
1465 573 1600 614 adule—

164 657 321 695 scentes
345 652 389 690 in
413 649 594 690 Africam
618 647 819 700 legantur,
846 644 917 696 qui
942 641 1084 682 ambos
1108 652 1221 691 reges
1246 636 1409 683 adeant,
1437 638 1602 675 senatus

164 711 384 767 populique
400 707 578 750 Romani
594 705 729 747 verbis
745 703 952 745 nuntient:
971 699 1073 741 velle
1091 704 1133 740 et
1149 710 1311 739 censere
1327 709 1394 736 eos
1411 694 1463 733 ab
1480 692 1604 732 armis

165 771 382 818 discedere,
411 769 462 809 de
489 764 779 808 controversiis
806 763 888 804 suis
914 762 1002 801 iure
1028 759 1167 813 potius
1195 769 1319 810 quam
1346 754 1451 795 bello
1479 753 1603 793 disce-

93 837 143 874 22
166 838 300 886 ptare:
323 831 384 870 ita
406 841 528 881 seque
549 825 711 879 illisque
732 824 902 876 dignum
924 835 1021 862 esse.
1059 817 1184 871 legati
1205 817 1249 856 in
1271 814 1450 856 Africam
1473 817 1605 852 matu-

167 896 306 932 rantes
326 888 512 935 veniunt‚
537 900 584 938 eo
606 884 748 938 magis,
773 882 884 936 quod
905 881 1075 927 Romae,
1100 878 1199 918 dum
1220 874 1424 929 proficisci
1445 875 1606 925 parant,

168 951 220 992 de
242 949 396 1004 proelio
419 948 530 988 facto
554 950 598 987 et
620 943 925 998 oppugnatione
948 941 1084 981 Cirtae
1108 936 1366 977 audiebatur:
1393 932 1464 973 sed
1486 932 1521 971 is
1544 943 1608 970 ru-
1682 957 1686 963 .

128 1023 147 1049 2
170 1024 259 1052 mor
273 1010 448 1051 clemens
463 1011 563 1048 erat.
596 1017 770 1058 quorum
785 1000 986 1054 Iugurtha
1001 1003 1168 1050 accepta
1183 994 1368 1036 oratione
1383 990 1609 1045 respondit:

171 1070 248 1112 sibi
277 1082 408 1122 neque
436 1066 570 1107 maius
599 1064 818 1118 quicquam
847 1073 979 1113 neque
1007 1058 1141 1100 carius
1169 1054 1417 1096 auctoritate
1446 1055 1612 1092 senatus

173 1143 276 1177 esse;
299 1128 351 1169 ab
372 1125 649 1167 adulescentia
667 1124 728 1163 ita
748 1137 789 1162 se
811 1122 982 1167 enisum,
1003 1123 1052 1158 ut
1073 1116 1125 1157 ab
1145 1120 1316 1168 optumo
1338 1124 1500 1165 quoque
1519 1123 1611 1163 pro-

171 1191 357 1236 baretur;
374 1187 542 1234 virtute,
559 1198 642 1225 non
656 1182 816 1222 malitia
829 1181 875 1220 P.
896 1178 1088 1231 Scipioni,
1105 1188 1263 1217 summo
1278 1173 1379 1221 viro,
1396 1170 1612 1224 placuisse;

107 1276 110 1287 2
174 1250 227 1291 ob
252 1247 416 1289 easdem
439 1245 541 1286 artis
565 1258 590 1284 a
613 1243 795 1295 Micipsa,
822 1253 905 1281 non
927 1237 1099 1292 penuria
1121 1235 1355 1280 liberorum,
1379 1232 1424 1271 in
1446 1241 1616 1282 regnum

134 1322 151 1347 ³
176 1309 421 1362 adoptatum
437 1318 537 1347 esse:
556 1308 750 1349 ceterum,
769 1314 850 1353 quo
866 1299 984 1352 plura
999 1297 1103 1337 bene
1120 1300 1244 1347 atque
1261 1298 1424 1332 strenue
1441 1290 1615 1335 fecisset,

177 1383 224 1410 eo
253 1367 436 1408 animum
465 1377 583 1405 suum
611 1361 804 1403 iniuriam
831 1359 967 1399 minus
995 1356 1187 1402 tolerare3
1217 1350 1488 1393 Adherbalem
1517 1347 1620 1388 dolis

177 1429 289 1469 vitae
306 1440 402 1467 suae
417 1424 675 1470 insidiatum
694 1420 805 1474 quod
819 1418 891 1459 ubi
907 1415 1182 1469 comperisset,
1200 1411 1339 1453 sceleri
1354 1410 1440 1451 eius
1456 1408 1620 1449 obviam

179 1490 275 1529 isse:
293 1485 493 1540 populum
508 1484 743 1524 Romanum
760 1492 892 1531 neque
909 1481 1018 1518 recte
1036 1468 1167 1527 neque
1184 1486 1258 1525 pro
1276 1471 1384 1511 bono
1401 1469 1619 1513 facturum,

139 1501 156 1526 4

178 1591 253 1626 lieh
282 1601 353 1624 nur
383 1586 567 1623 romische
597 1585 756 1630 Biirger;
788 1582 868 1617 hier

180 1639 269 1674 aber
295 1635 458 1672 schliesst
481 1645 521 1670 es
548 1632 646 1668 auch
671 1632 733 1666 die
759 1631 817 1671 26,
849 1630 866 1663 1

183 1698 218 1722 u.
267 1687 289 1721 3
336 1682 557 1719 erwahnten
602 1678 744 1716 Italici
791 1676 870 1712 und

182 1732 443 1779 neqotiatores
478 1730 551 1765 mit
584 1729 657 1769 ein,
694 1727 756 1762 die
790 1724 871 1759 sich

181 1784 221 1818 in
243 1780 377 1827 grosser
398 1777 491 1815 Zahl
511 1779 552 1813 in
573 1776 686 1820 jenen
711 1773 871 1810 Stadten

184 1827 406 1868 aufhieltem
433 1825 509 1872 vgl.
535 1826 594 1866 47,
624 1825 655 1858 1.

231 1877 264 1912 3.
301 1880 456 1921 tempus
483 1873 694 1918 leqatorum
717 1874 872 1905 anteca-

185 1934 294 1971 pere:
308 1923 430 1958 ‘einen
444 1919 643 1980 zeitlichen
656 1917 875 1963 Vorsprung

188 1967 617 2054 gexnzegxuaesszegieg.
652 2013 708 2049 als
752 2010 876 2047 solche

189 2065 286 2103 noch
331 2064 439 2101 nicht
483 2074 530 2099 zu
575 2062 650 2098 den
693 2058 878 2095 hochsoen

189 2112 358 2151 Wiirden
392 2112 593 2159 gestiegen,
629 2107 746 2144 daher
780 2105 877 2142 ohne

192 2160 266 2197 viel
294 2159 547 2207 personliches
578 2155 759 2194 Gewicht.

240 2213 405 2245 senatus
467 2206 686 2252 populique
750 2201 859 2238 Rom.
870 2212 880 2234 .-

194 2256 295 2293 diese
346 2254 585 2291 formelhafte
638 2248 884 2294 Verbindung

195 2305 380 2350 begegnet
416 2302 515 2337 &fter
552 2300 649 2336 auch
686 2298 787 2339 dort,
826 2307 884 2331 wo

196 2363 268 2388 nur
304 2350 371 2387 der
410 2350 528 2386 Senat
564 2346 777 2394 gchandelt,
816 2343 885 2379 das

197 2399 295 2436 Volk
326 2397 435 2434 nicht
466 2396 696 2442 mitgewirkt
726 2393 810 2432 hat3
843 2402 884 2426 so

198 2457 324 2483 waren
350 2445 431 2481 hier
458 2444 518 2480 die
546 2447 636 2478 rom.
671 2439 886 2477 Gesandten

198 2494 320 2540 einzig
362 2503 451 2529 vom
498 2493 614 2527 Senat
656 2488 886 2532 hemmam,

200 2545 312 2578 unwr
336 2539 470 2576 dessen
494 2538 783 2574 unmittelbarer
808 2535 887 2571 Lei-

202 2595 297 2636 tung
332 2588 403 2624 alle
438 2584 799 2623 volkorrechtliohen
838 2582 889 2617 Be

201 2636 409 2683 ziehungen
448 2633 626 2670 standon:
668 2632 733 2667 der
774 2631 891 2667 Senat

937 1579 1027 1614 aber
1043 1575 1220 1612 handelte
1237 1584 1305 1608 aus
1321 1573 1383 1607 ein
1397 1571 1460 1606 fiir
1476 1569 1623 1605 allemal

937 1637 1027 1662 vom
1048 1636 1140 1670 pop.
1165 1623 1275 1658 Rom.
1300 1619 1504 1667 gegebener
1526 1616 1622 1652 Voll-

940 1673 1083 1710 macht.

987 1721 1084 1756 velle
1105 1724 1140 1754 et
1161 1727 1333 1754 censere:
1354 1713 1511 1749 welcher
1533 1711 1623 1747 Sub-

939 1766 1246 1814 J'ektsakkusativ
1279 1765 1331 1799 ist
1363 1760 1625 1844 ausffelassen?

945 1816 1092 1853 Sowohl
1123 1813 1224 1848 dieue
1255 1813 1310 1847 als
1341 1809 1401 1845 die
1448 1807 1627 1854 olgendeu

942 1865 1072 1901 Worte
1114 1861 1275 1908 geboren
1316 1869 1382 1894 zur
1422 1855 1628 1903 publizisti-

943 1913 1058 1948 seben
1082 1905 1399 1954 Formelsprache.

993 1959 1055 1995 22.
1081 1960 1111 1993 l.
1135 1959 1402 1993 maturantes:
1425 1951 1494 1987 das
1510 1950 1630 1986 Parti-

946 2003 1266 2100 33232223322
1278 1996 1634 2095 ῗηῖἒὲζᾮῒᾱὲῖἳὲ

950 2115 996 2140 zu
1021 2100 1211 2138 beziehen.

1000 2151 1037 2186 is
1077 2159 1229 2185 rumor:
1269 2145 1364 2181 kurz
1403 2142 1464 2177 fiir
1503 2151 1637 2177 rumor

952 2199 997 2235 de
1025 2198 1085 2233 eis
1111 2196 1227 2232 rebus
1253 2192 1415 2229 allatus.

1000 2247 1033 2281 2.
1080 2242 1259 2281 malitia.-
1306 2240 1386 2275 hier
1429 2238 1481 2272 im
1527 2235 1635 2280 allge-

954 2295 1143 2329 meineren
1175 2291 1289 2326 Sinne
1319 2303 1356 2317 --=
1391 2284 1514 2322 malis
1542 2283 1636 2318 arti-

954 2343 1046 2381 luas,-
1060 2340 1180 2376 denen
1195 2334 1404 2384 gegeniiber
1416 2330 1508 2368 wird
1524 2330 1638 2370 dann,

954 2401 1031 2424 was
1062 2387 1199 2424 vorher
1231 2385 1359 2421 virtus
1390 2380 1489 2420 hiess,
1522 2378 1639 2413 durch

957 2435 1111 2473 easdem
1144 2433 1247 2470 artis
1281 2427 1545 2476 ausgedriickt.

1005 2486 1039 2519 4.
1073 2488 1189 2520 recte:
1221 2480 1287 2515 der
1320 2476 1437 2514 sache
1467 2474 1547 2510 und
1578 2473 1644 2507 der

958 2533 1071 2568 Form
1102 2529 1199 2566 nach
1229 2524 1408 2571 ‘richtig';
1442 2534 1514 2569 pro
1546 2522 1644 2557 bono

960 2583 1041 2625 (zur
1057 2575 1330 2620 Abwechslung
1345 2572 1411 2607 des
1429 2568 1646 2606 Ausdrueks

959 2626 1126 2673 zugleich
1178 2622 1255 2659 und
1308 2633 1372 2657 zur
1424 2617 1647 2661 Verhiitung
