1696 2820
308 98 378 138 na
401 97 570 139 mm
582 69 935 138 'novar-mo.
984 97 1028 136 c.
1050 72 1200 139 «αἳ-ιιι
1411 101 1470 145 69

136 221 252 262 Inter
277 218 381 261 haee
397 217 563 273 negotia
578 215 819 273 Iugurth-
806 214 1016 272 mpensius
1040 215 1164 259 modo
1189 215 1347 271 legatos
1368 229 1466 286 sup-
1492 227 1511 254 a

34 281 155 336 pliees
176 279 352 328 mittere,
372 290 517 333 paoem
534 290 664 328 orare,
688 281 852 332 praeter
870 289 989 317 suam
1007 275 1309 330 liberorumque
1336 276 1471 318 vitam

32 340 170 383 omnia
190 338 352 382 Metello
370 337 529 379 dedere.
565 350 669 390 quos
686 337 788 378 item
807 336 872 377 uti
889 335 1044 390 priores
1063 335 1205 377 consul
1223 335 1395 378 inlectos
1414 335 1469 377 ad
1494 346 1513 373 ι

35 399 293 455 proditionen
317 397 486 438 domum
511 396 766 438 dimittebat:
795 395 880 449 regi
906 409 1050 449 paoem
1077 408 1203 449 quam
1228 394 1470 450 postulabat

35 472 164 513 neque
195 457 371 499 abnuere
403 469 535 509 neque
565 456 758 509 polliceri,
790 460 835 496 et
865 455 974 496 inter
1002 468 1072 497 eas
1103 468 1238 496 moras
1269 453 1471 509 promissa

32 520 257 573 legatorum
281 520 530 570 exspectare.
572 515 785 570 Iugurtha,
813 514 886 556 ubi
910 514 1064 556 Metelli
1089 513 1202 556 diota
1226 528 1321 556 eum
1346 514 1468 556 saetis
1491 516 1543 555 48

33 576 260 631 composuit
279 589 327 617 ae
346 590 390 617 se
407 575 491 616 suis
512 575 670 616 artibus
690 574 887 629 temptari
901 574 1211 623 animadvortit,
1234 574 1384 628 quippe
1402 574 1470 615 cui

32 637 166 680 verbis
194 649 278 690 pax
298 634 581 684 nuntiabatur,
613 640 795 676 ceterum
825 648 867 675 re
888 634 1040 675 bellum
1062 647 1343 688 asperrumum
1363 639 1467 683 erat,

23 697 127 739 -urbs
136 709 331 738 maxuma
341 695 533 744 alienata,
552 709 647 748 ager
656 694 842 736 hostibus
853 694 1053 748 cognitus,
1067 694 1193 734 animi
1207 693 1467 748 popularium

30 756 237 810 temptati,
271 761 437 797 coactus
468 769 604 796 rerum
637 754 933 796 necessitudine
964 754 1114 794 statuit
1144 754 1267 794 armis
1297 758 1466 795 certare.

133 816 266 869 Igitur
293 814 505 869 explorato
534 815 714 857 hostium
742 814 902 862 itinere,
943 814 987 854 in
1025 827 1139 867 spem
1168 813 1366 855 victoriae
1393 813 1463 854 ad·
1489 824 1509 852 2

31 876 179 917 ductus
212 890 264 916 ex
297 875 607 928 opportunitate
639 874 732 923 loci,
767 887 892 927 quam
926 887 1141 914 maxumas
1168 878 1306 927 potest
1329 873 1468 927 copias

30 935 213 977 omnium
246 948 439 988 generum
471 939 593 988 parat
624 948 671 975 ac
704 947 777 987 per
808 934 995 974 tramites
1029 933 1209 974 occultos
1242 933 1467 974 exercitum

30 995 183 1037 Metelli
208 995 431 1036 antevenit.

133 1055 236 1095 Erat
249 1055 291 1095 in
305 1068 353 1095 ea
366 1060 483 1108 parte
497 1052 728 1102 Numidiae,
745 1067 869 1107 quam
885 1053 1091 1094 Adherbal
1105 1053 1148 1094 in
1162 1053 1362 1095 divisione
1375 1067 1466 1107 pos·
1493 1063 1511 1090 3

28 1115 202 1164 sederat,
224 1114 379 1155 flumen
399 1114 534 1155 oriens
554 1128 579 1154 a
599 1114 766 1155 meridie
789 1113 952 1155 nomine
974 1113 1149 1162 Muthul,
1173 1127 1198 1153 a
1220 1127 1302 1166 quo
1323 1112 1467 1154 aberat

29 1189 146 1216 mons
169 1175 295 1215 ferme
318 1174 431 1215 milia
455 1187 649 1227 passuum
673 1174 758 1214 XX
782 1179 920 1214 tractu
943 1173 1046 1226 pari,
1071 1178 1215 1214 vastus
1239 1172 1292 1213 ab
1317 1179 1467 1214 natura

28 1240 71 1275 et
92 1234 272 1275 humano
293 1233 426 1282 cultu3
449 1233 520 1274 sed
542 1248 592 1274 ex
613 1248 661 1274 eo
683 1233 818 1274 medio
841 1233 958 1286 quasi
979 1233 1091 1274 collis
1112 1233 1322 1274 oriebatur
1342 1233 1386 1274 in
1406 1232 1467 1274 in·

28 1307 214 1336 mensum
229 1294 474 1347 pertingenS,
489 1293 663 1334 vestitus
678 1293 853 1334 oleastro
869 1306 915 1334 ac
930 1293 1120 1333 murtetis
1134 1292 1303 1345 aliisque
1315 1293 1468 1346 generi·

29 1354 106 1394 bus
121 1353 324 1400 arborum,
339 1367 446 1406 quae
463 1353 576 1394 humi
591 1353 704 1393 arido
720 1358 845 1406 atque
860 1352 1060 1393 harenoso
1076 1352 1315 1405 gignuntur3
1332 1353 1467 1393 media
1493 1363 1510 1390 4

29 1419 169 1454 autem
181 1412 371 1466 planities
385 1413 545 1453 deserta
559 1412 728 1466 penuria
742 1426 873 1465 aquae
887 1417 1050 1465 praeter
1062 1412 1224 1453 flumini
1236 1411 1468 1467 propinqua

27 1515 100 1551 den
119 1526 192 1551 neu
212 1514 633 1552 herbeizuschafienden
650 1527 708 1562 ge-

26 1563 203 1611 genuber.

72 1612 106 1647 3.
157 1610 271 1648 modo
321 1611 373 1646 ist
422 1610 710 1647 verstarkendes

26 1659 188 1742 AdKerb.
212 1659 298 1694 'nur
318 1658 426 1694 noch’
453 1675 490 1688 =
518 1659 611 1694 ‘nun
632 1663 710 1694 erst

24 1706 709 1858 W‘Nmtmmzzzeffldfzssssrzsss

25 1851 191 1887 Nomena
238 1851 279 1885 in
330 1850 446 1886 Prosa
493 1850 575 1886 hier
623 1861 709 1886 zum

24 1897 238 1934 erstsmnal.

72 1947 105 1981 4.
118 1950 298 1991 exspecta
304 1956 361 1980 re:
371 1944 606 1986 ‘abwarten’;
617 1956 690 1991 pro
698 1966 710 1972 -

26 1993 153 2029 mian
186 1994 278 2028 kurz
312 1996 411 2028 statt
443 1994 546 2028 eines
582 1993 711 2029 Satzes

26 2046 116 2076 ‘was
141 2051 192 2076 an
218 2040 291 2076 den
320 2067 328 2075 .
358 2067 367 2075 .
398 2067 407 2075 .
437 2039 515 2076 sei’.

74 2087 137 2124 48.
177 2089 207 2122 l.
247 2088 445 2124 alienata:
478 2087 712 2134 ‘abepenstig

23 2135 223 2182 gemacM’,
270 2136 401 2171 womit
444 2134 514 2171 das
558 2136 708 2171 vorans·

22 2183 189 2229 gehende
214 2183 295 2219 Rel.
322 2183 391 2220 cui
414 2183 512 2219 nooh
536 2183 593 2218 als
616 2183 707 2220 Dat.

22 2231 328 2277 der-,beteiligten
350 2231 491 2267 Person
512 2231 711 2267 vereinbar

22 2279 86 2320 ist,
102 2290 181 2314 was
199 2278 266 2317 bei.
276 2278 343 2314 der
357 2278 446 2324 folg.
467 2279 649 2325 coynitua
666 2306 676 2314 .

22 2326 351 2410 is‘etnpmiffi‘ltgt
385 2327 491 2362 mehr
525 2326 592 2362 der
628 2306 709 2363 Fall

79 2387 90 2414 ς
119 2386 165 2410 zu
242 2402 251 2415 ,
330 2401 338 2408 .

71 2422 105 2458 3.
150 2422 196 2458 in
237 2421 455 2458 divisione:
496 2433 526 2456 s.
573 2423 628 2463 16,
670 2424 704 2458 5.

27 2460 135 2552 Annum
163 2470 391 2516 possederat
430 2469 605 2505 ebe-udas.
646 2469 707 2506 die

69 2562 250 2601 Μαιῶται
266 2565 292 2609 j.
311 2564 459 2610 Mellag,
478 2563 705 2600 bedentend·

25 2611 103 2647 ster
143 2611 417 2659 reohtsseitiger
461 2612 597 2648 Zufluss
641 2612 707 2649 des

780 1514 967 1560 Bagrada,
1006 1514 1140 1550 dessen
1178 1515 1248 1551 Tal
1285 1515 1352 1557 M„
1391 1527 1470 1553 von

779 1563 885 1609 Vaga
928 1562 1145 1603 kommend,
1191 1563 1356 1607 verlfisst,
1403 1575 1469 1600 um

781 1611 863 1646 eine
912 1609 1082 1646 sfidliche
1133 1611 1260 1647 Route
1309 1623 1357 1647 zu
1407 1623 1467 1658 ge·

776 1660 939 1700 winneri,
975 1658 1038 1694 die
1071 1657 1153 1694 ihm
1188 1659 1374 1695 zum'iohst
1406 1660 1469 1696 die

779 1707 907 1743 Ebene
930 1717 1007 1743 von
1034 1706 1142 1743 Sicca
1166 1708 1241 1751 (56,
1266 1708 1306 1751 3)
1330 1707 1466 1744 ofinet.

826 1758 955 1790 tractu
984 1754 1099 1800 pari:
1137 1754 1223 1790 ‘mit
1252 1755 1339 1791 dem
1370 1755 1469 1792 Fluss

778 1801 1077 1850 gleiehlaufend’.

825 1850 875 1886 ab
906 1855 1073 1886 natura:
1110 1849 1160 1886 ab
1196 1850 1287 1886 'von
1317 1851 1466 1888 seiten‘.

827 1897 948 1944 quasi
977 1914 1016 1928 =
1053 1898 1186 1942 ferme,
1215 1909 1303 1934 zum
1330 1910 1466 1936 voran-

780 1945 977 1992 gestellten
1013 1945 1143 1982 medio
1182 1945 1347 1993 geborig,

828 1994 1077 2040 pertinqem:
1111 1993 1217 2028 mehr
1245 1993 1387 2040 sagend
1410 1994 1469 2031 als

781 2041 850 2077 das
865 2041 1117 2087 gewohnliohe
1130 2041 1349 2087 per-tinem,
1362 2042 1470 2079 steht

777 2090 819 2125 in
852 2088 1100 2136 Verbindung
1132 2089 1206 2124 mit
1237 2088 1324 2125 dem
1357 2089 1465 2127 iiber-

778 2136 1000 2172 treibenden
1042 2138 1088 2172 in
1130 2137 1357 2173 inmensum
1397 2138 1467 2183 (in

777 2184 929 2220 endlose
971 2184 1117 2226 Ferne',
1161 2185 1326 2221 namlioh
1368 2186 1467 2222 naoh

777 2233 864 2268 dem
888 2233 1018 2268 Flusse
1042 2235 1104 2277 zu)
1127 2244 1151 2268 o
1244 2233 1379 2269 orisoh.

825 2279 941 2316 arido
977 2285 1093 2327 atque
1130 2281 1341 2318 harenoso:
1377 2281 1464 2317 Abl.

775 2328 949 2364 instrum.
979 2339 1056 2364 von
1081 2327 1379 2364 substantiviseh
1405 2341 1464 2375 g·e

776 2375 986 2412 brauohten
1028 2376 1200 2417 Noutria:
1245 2376 1372 2412 davon
1414 2377 1468 2412 ist

775 2423 843 2460 der
861 2424 1023 2460 Genetiv
1039 2424 1153 2461 humi
1168 2423 1333 2470 abhangi
1438 2424 1463 2459 1.

776 2483 822 2508 zu
858 2472 940 2518 Iug.
978 2472 1037 2513 21,
1073 2473 1113 2514 23
1150 2473 1197 2508 37
1232 2474 1272 2513 4;
1269 2426 1463 2508 ng‘iweloge

775 2519 1337 2604 ἓέἶᾶέιὲῗ-Βῖιοᾞθὲἕοωῖἶᾶ
1354 2529 1460 2602 ιέἓίῗ.

822 2616 856 2650 4.
906 2614 1077 2651 deserta.-
1123 2613 1377 2660 adjektivisoh
1423 2625 1461 2649 u.
