1696 2820
163 115 263 161 124st
627 113 670 151 C.
695 111 946 152 SALLVSTI
968 110 1140 164 GRISBI

161 231 414 287 consumptis
437 231 582 275 anxius
605 232 768 275 trahere
790 245 884 281 cum
907 231 1044 274 animo
1067 244 1154 282 suo,
1178 231 1442 274 omitteretne
1461 232 1596 288 incep-

160 297 264 342 tum,
285 291 480 347 quoniam
496 291 650 342 frustra
668 297 770 342 erat,
790 306 846 334 an
861 292 1072 334 fortunam
1089 292 1357 346 opperiretur,
1378 306 1461 346 qua
1477 306 1598 347 saepe

160 366 351 407 prospere
367 364 466 393 usus
483 351 631 394 fuerat.
667 366 771 406 quae
790 365 884 393 cum
901 351 1053 393 multos
1071 351 1157 392 dies
1175 351 1388 405 noctisque
1405 356 1598 394 aestuans

160 411 348 466 agitaret,
379 411 486 454 forte
517 411 686 465 quidam
715 411 850 466 Ligus,
883 425 935 453 ex
964 410 1200 453 cohortibus
1231 411 1453 453 auxiliariis
1483 412 1598 454 miles

160 469 383 526 gregarius,
419 471 563 512 castris
596 477 797 524 aquatum
830 486 1022 523 effossus,
1067 470 1179 512 haud
1210 471 1352 525 procul
1385 471 1437 511 ab
1470 471 1598 513 latere

159 531 328 580 castelli,
364 531 475 584 quod
508 544 701 572 avorsum
733 531 1027 585 proeliantibus
1061 535 1163 580 erat,
1198 531 1381 571 animum
1415 531 1600 572 advortit

159 590 267 632 inter
287 604 387 631 saxa
408 590 588 644 repentis
610 590 782 639 cocleas3
807 604 981 644 quarum
1003 604 1097 631 cum
1116 603 1243 630 unam
1265 595 1389 643 atque
1411 591 1596 639 alteram,

160 649 255 692 dein
272 650 408 704 plures
426 654 597 703 peteret,
619 650 755 691 studio
773 650 938 704 legundi
956 649 1158 703 paulatim
1175 663 1301 702 prope
1321 650 1375 690 ad
1392 664 1597 691 summum

161 710 312 752 montis
330 723 512 763 egressus
531 710 616 750 est?
641 709 713 750 ubi
731 715 952 763 postquam
971 709 1234 750 solitudinem
1252 709 1465 759 intellexit,
1487 724 1597 751 more

159 769 296 823 ingeni
324 770 495 810 humani
525 769 673 823 cupido
705 769 890 811 difficilia
920 769 1102 810 faciundi
1132 768 1314 809 animum
1345 769 1424 810 alio
1455 770 1595 810 vortit.

133 824 136 830 ’
160 834 203 870 et
229 829 336 870 forte
362 829 407 870 in
432 843 479 870 eo
506 829 595 870 loco
623 829 787 882 grandis
813 829 895 870 ilex
921 829 1129 870 coaluerat
1155 828 1262 869 inter
1288 842 1401 877 saxa,
1429 829 1599 882 paulum

159 887 281 930 modo
309 902 452 942 prona,
483 888 628 930 deinde
656 889 810 930 inflexa
838 894 963 942 atque
991 893 1114 929 aucta
1141 888 1185 928 in
1212 887 1487 937 altitudinem,
1517 903 1599 941 quo

160 952 309 990 cuncta
351 948 604 1001 gignentium
646 953 795 989 natura
835 948 934 997 fert;
978 948 1091 989 cuius
1133 947 1256 988 ramis
1297 947 1432 996 modo,
1476 948 1598 990 modo

159 1007 432 1050 eminentibus
462 1008 571 1048 saxis
602 1008 713 1049 nisus
743 1008 866 1062 Ligus
896 1008 939 1049 in
969 1007 1125 1048 castelli
1154 1007 1368 1060 planitiem
1397 1007 1597 1060 pervenit,

159 1067 271 1121 quod
290 1067 428 1109 cuncti
448 1065 651 1108 Numidae
672 1068 821 1109 intenti
840 1067 1135 1121 proeliantibus
1156 1066 1340 1108 aderant.
1377 1067 1598 1120 exploratis

158 1126 360 1176 omnibus,
388 1140 492 1180 quac
518 1141 615 1168 mox
638 1127 730 1168 usui
755 1128 840 1168 fore
866 1127 1055 1176 ducebat,
1082 1126 1224 1168 eadem
1250 1126 1489 1180 regreditur,
1516 1141 1598 1168 non

158 1192 324 1235 temere,
343 1186 407 1227 uti
425 1187 704 1236 adscenderat,
725 1187 796 1227 sed
814 1192 1023 1240 temptans
1042 1186 1179 1227 omnia
1197 1182 1239 1227 et
1258 1186 1595 1239 circumspiciens.

158 1246 298 1300 itaque
315 1246 491 1287 Marium
509 1260 678 1301 propere
697 1247 797 1295 adit,
818 1252 912 1287 acta
929 1246 1085 1294 edocet,
1105 1246 1309 1295 hortatur,
1329 1245 1381 1285 ab
1400 1260 1448 1286 ea
1466 1252 1595 1298 part-e,

103 1327 106 1351 ·,
158 1320 240 1359 qua
257 1306 343 1359 ipse
362 1306 642 1354 adscenderat,
662 1307 874 1347 castellum
892 1311 1088 1359 temptet;
1107 1305 1322 1358 pollicetur
1339 1319 1424 1346 sese
1443 1305 1598 1346 itineris

158 1364 405 1418 periculique
425 1365 582 1406 ducem.
617 1366 769 1406 Marius
789 1380 884 1406 cum
901 1365 1047 1419 Ligure
1066 1365 1266 1418 promissa
1284 1364 1370 1405 eius
1389 1365 1598 1418 cognitum

157 1439 210 1466 ex
231 1425 512 1479 praesentibus
534 1425 664 1474 misit;
689 1439 862 1478 quorum
884 1425 947 1466 uti
969 1425 1162 1478 cujusque
1184 1424 1392 1478 ingenium
1413 1429 1514 1474 erat,
1539 1425 1598 1465 ita

203 1527 265 1564 98.
283 1529 314 1562 l.
333 1527 484 1563 trahere
501 1539 589 1564 cum
603 1528 740 1564 animo
757 1540 847 1564 suo:

159 1575 232 1621 vgl.
255 1577 313 1617 84,
333 1577 357 1611 4
377 1575 528 1611 trahere
549 1577 712 1612 animis.

205 1634 307 1659 usuc
339 1623 490 1668 suerat:
523 1624 632 1658 nicht
663 1623 846 1659 schlecht·

155 1682 236 1717 weg
254 1687 294 1700 =
321 1683 359 1707 u.
383 1675 477 1706 erat.
514 1671 585 1707 Die
605 1672 845 1707 Zusammen-

155 1722 313 1765 setzung
338 1719 410 1754 mit
436 1718 501 1760 sui
527 1719 598 1754 usi.
628 1719 850 1754 bezeichnet

155 1766 356 1813 eigentlich
383 1766 451 1802 das
481 1767 664 1813 Ergebnis
692 1766 759 1802 der
787 1778 845 1811 ge-

154 1814 354 1850 wordenen
397 1814 615 1861 Handlung,
661 1814 846 1860 diejenige

156 1863 228 1897 mit
252 1874 341 1898 sum
366 1861 440 1898 den
465 1862 635 1898 Zustand
661 1862 727 1898 der
752 1862 843 1898 voll-

153 1909 317 1946 endeten
344 1909 562 1956 Hanfflung,
591 1922 633 1946 so
661 1910 736 1945 dass
765 1910 846 1945 hier

153 1960 284 2004 strong
304 1968 527 2004 genommen
549 1969 667 2003 «saepe
691 1970 736 1993 zu
761 1957 841 2002 jue·

154 2009 216 2041 rat
255 2005 406 2051 gehortz
453 2005 532 2061 also
569 2006 623 2042 ‘er
667 2018 764 2061 war·
785 2005 844 2042 oft

151 2053 363 2183 ffissssflf'a‘h
381 2052 844 2147 ᾱιῖἓὲωέἲῑοιέθὶρὲἱῖἴὲῗ

199 2195 233 2230 2.
255 2195 437 2231 animum
457 2195 647 2232 advortit:
669 2197 708 2231 in
729 2194 839 2231 alter-

153 2242 353 2278 tiimlioher
369 2242 492 2279 Weise
512 2246 708 2290 getrennte
728 2244 840 2279 Form

153 2289 263 2334 (noch
285 2291 344 2332 69,
370 2290 417 2334 1),
439 2302 510 2326 nur
529 2291 609 2326 hier
629 2292 700 2326 mit
718 2291 840 2326 einem

133 2335 297 2374 ‘Akkus.

198 2385 233 2422 2.
249 2385 283 2422 3.
299 2394 480 2430 eqreesus
494 2412 502 2420 .
520 2413 528 2420 .
546 2412 554 2420 .
572 2395 751 2430 effre-esua
766 2390 841 2421 est.-

152 2433 225 2468 mit
268 2431 440 2469 Weehsel
487 2432 553 2469 der
601 2432 837 2479 Bedeutung,

152 2491 198 2516 zu
236 2481 304 2522 60,
336 2482 374 2522 ὃς
413 2480 487 2527 vgl.
528 2482 586 2519 21,
622 2480 705 2516 llf.
748 2492 836 2526 pro·

151 2526 293 2564 cedere.

198 2576 231 2611 3.
251 2586 358 2611 more
380 2575 459 2619 inq.
482 2576 608 2612 hum:
628 2576 690 2611 dio
708 2575 838 2612 Wortc

148 2622 312 2670 gehfiren
356 2634 427 2669 ong
471 2635 517 2659 zu
563 2623 714 2669 cupida
758 2624 836 2659 und

905 1528 1038 1564 stehen
1058 1539 1106 1562 an
1129 1527 1243 1563 stelle
1262 1528 1363 1563 eines
1383 1527 1594 1564 Attributs:

903 1576 1143 1612 mortalibus
1174 1575 1314 1611 insita.

952 1624 1037 1659 alio
1057 1639 1095 1653 =
1119 1621 1172 1658 ad
1189 1623 1316 1658 aliam
1335 1634 1434 1658 rem:
1452 1623 1598 1670 ‘bringt

904 1672 971 1707 ihn
983 1670 1049 1706 auf
1061 1671 1169 1706 einen
1182 1671 1348 1706 anderen
1363 1670 1593 1707 Gedanken’.

952 1721 985 1754 4.
1007 1718 1227 1755 coaluerat:
1245 1719 1336 1755 ‘war
1353 1718 1593 1765 festgewaeh—

905 1767 995 1803 sen’.

951 1813 1218 1860 manentium:
1247 1826 1293 1849 zu
1319 1815 1378 1856 79,
1406 1816 1445 1855 ‹3;
1474 1815 1593 1851 durch

903 1862 964 1898 die
1000 1862 1247 1907 Anwendung
1282 1861 1348 1897 des
1384 1864 1593 1907 partitiven

905 1910 1066 1946 Genetiv
1113 1921 1159 1945 zu
1205 1915 1348 1945 cuncta
1393 1910 1484 1946 wird
1531 1910 1593 1947 die

905 1958 1263 2003 Substantivierung
1291 1956 1419 1993 beider
1443 1957 1595 1995 Worter

900 2009 980 2042 orst
1014 2005 1121 2041 recht
1156 2005 1495 2041 veranschaulicht.

947 2054 1146 2099 pervenit:
1170 2055 1362 2099 pregnant
1384 2053 1436 2088 ‘es
1460 2054 1594 2100 gelang

898 2100 977 2136 ihm
994 2113 1040 2136 zu
1054 2101 1132 2142 —';
1149 2100 1267 2136 daher
1281 2101 1348 2136 dor
1362 2100 1592 2138 Kausalsatz

899 2150 971 2184 mit
994 2148 1107 2194 quod.
1149 2148 1434 2184 Ausfnhrlicher
1456 2150 1508 2184 ist
1531 2149 1593 2185 die

899 2197 1145 2243 Darstellung
1169 2198 1228 2238 94,
1256 2197 1290 2231 3.

947 2244 1113 2280 intenti:
1148 2244 1315 2282 absolut:
1352 2243 1588 2289 proelianti·

899 2291 972 2327 bus
996 2303 1043 2327 zu
1066 2291 1233 2328 aderant
1258 2291 1424 2338 geborig.

950 2342 983 2374 ss.
1005 2351 1083 2385 qua
1119 2366 1128 2374 .
1150 2366 1158 2375 .
1180 2366 1189 2374 .
1210 2338 1485 2395 adscenderat(
1505 2350 1590 2375 zum

900 2386 1097 2423 Indikativ
1123 2387 1197 2432 vgl.
1226 2388 1284 2426 63.
1316 2387 1347 2423 1.

948 2436 980 2469 7.
1005 2446 1053 2470 ex
1072 2434 1352 2480 praesentibus
1370 2433 1504 2471 misit:
1523 2432 1590 2470 der

896 2483 1190 2527 prapositionale
1212 2481 1410 2518 Ausdruok
1429 2492 1496 2517 zur
1512 2482 1587 2517 An-

895 2530 990 2574 gabe
1018 2530 1083 2566 des
1112 2530 1462 2566 Teilverhaltnisses
1491 2529 1589 2565 ohne

895 2577 1051 2623 Angabe
1081 2577 1147 2613 des
1181 2577 1334 2613 Ganzeu
1364 2575 1486 2612 bildet
1515 2577 1583 2612 das

895 2625 981 2661 Acc.
1009 2625 1086 2670 obj.
