1696 2820
727 0 768 8 ἡ
793 0 924 22 ’ᾈῘῪΞ“1’“ἲ
944 0 1027 10 “’“·“““”
1052 0 1080 21 ιζ
1099 0 1166 13 “’“,’
1201 0 1234 6 '‘'
1276 0 1286 6 ”
1315 0 1318 3 ’

885 16 889 19 ι
923 14 954 32 ἱο

359 155 426 195 nn
451 153 620 195 nstro
643 136 987 204 1vo‘vn‘rim‘x‘o.
1034 155 1076 194 c.
1100 157 1157 194 31.
1419 159 1477 203 47

44 275 208 328 cepisse,
224 280 365 316 tamen
375 288 451 316 vos
463 273 695 316 hominibus
707 271 1039 315 sceleratissumis
1051 273 1269 328 ignoscere,
1285 274 1478 327 quoniam

42 335 151 375 cives
176 340 284 382 sunt,
311 345 442 388 aequo
465 333 602 374 animo
626 338 802 387 paterer,
829 333 871 373 ni
895 332 1170 374 misericordia
1193 333 1236 373 in
1261 333 1480 386 perniciem

42 407 187 435 casura
199 399 317 435 esset.
346 406 441 434 nam
452 398 495 434 et
507 393 597 442 illis,
613 397 816 446 quantum
827 392 1139 445 inportunitatis
1152 392 1318 441 habent,
1332 405 1478 446 parum
1504 403 1542 430 22

42 458 105 494 est
124 453 276 506 inpune
295 453 399 493 male
417 453 571 501 fecisse,
593 451 670 492 nisi
688 450 835 493 deinde
853 451 1035 492 faciundi
1051 450 1216 492 licentia
1234 451 1418 505 eripitur,
1437 456 1479 492 et

44 512 160 553 vobis
174 517 340 553 aeterna
351 511 581 553 sollicitudo
594 511 834 560 remanebit,
851 525 944 552 cum
957 511 1199 563 intellegetis
1213 516 1286 552 aut
1299 511 1479 553 serviun-

45 572 144 612 dum
162 585 246 613 esse
267 577 340 612 aut
360 585 431 624 per
450 584 594 611 manus
613 570 845 612 libertatem
866 570 1136 619 retinendam,
1158 584 1254 611 nam
1273 570 1372 612 fidei
1392 571 1478 624 qui-
1504 581 1542 608 23

44 632 136 672 dem
163 636 235 671 aut
261 631 498 672 concordiae
526 644 630 684 quae
656 644 747 683 spes
773 631 864 671 est?
908 630 1110 676 dominari
1134 630 1192 670 illi
1217 630 1377 679 volunt,
1405 643 1478 671 vos

476 690 484 698 ο
520 690 528 698 ο
560 690 568 698 ι
604 690 612 698 ο

42 749 190 790 nostris
208 749 337 790 veluti
355 749 554 798 hostibus,
574 748 760 790 hostibus
777 763 852 802 pro
870 749 988 790 sociis
1005 754 1192 790 utuntur.
1227 754 1418 803 potestne
1436 749 1480 790 in
1504 760 1542 787 2⁴

38 815 125 848 tam
150 808 323 850 divorsis
348 809 554 850 ment-ibus
580 822 662 862 pax
687 813 761 849 aut
786 807 967 849 amicitia
992 810 1105 849 esse?

147 874 236 923 Qua
256 887 298 915 ro
318 888 464 915 moneo
485 874 704 927 hortorque
724 887 811 923 vos,
832 887 884 915 ne
904 878 1070 914 tantum
1090 874 1219 914 scelus
1239 874 1475 928 inpunitum
1501 885 1540 912 2⁵

38 933 253 974 amittatis.
290 947 373 974 non
392 933 603 987 peculatus
624 933 753 974 aerari
773 933 906 973 factus
927 938 989 974 est
1010 947 1141 986 neque
1162 947 1234 986 per
1252 933 1339 974 vim
1358 933 1476 975 sociis

38 999 201 1046 ereptae
214 993 422 1045 pecuniae,
437 1006 554 1046 quae,
569 1006 819 1046 quamquam
832 993 972 1046 gravia
984 998 1094 1041 sunt,
1109 999 1250 1034 tamen
1262 999 1477 1035 consuetu·

38 1051 133 1093 dine
158 1052 239 1092 iam
263 1065 337 1105 pro
362 1053 488 1093 nihilo
512 1052 730 1094 habentur:
756 1052 866 1092 hosti
889 1066 1098 1093 acerrumo
1122 1052 1287 1106 prodita
1310 1058 1478 1094 senatus

38 1111 273 1160 auctoritas,
287 1111 496 1164 proditum
508 1112 723 1165 imperium
735 1117 921 1152 vostrum
933 1117 1013 1161 est;
1028 1111 1140 1153 domi
1151 1112 1401 1166 militiaeque
1414 1126 1477 1153 res

39 1170 201 1224 publica
214 1171 369 1212 venalis
383 1171 475 1212 fuit.
508 1185 613 1224 quae
629 1172 706 1212 nisi
721 1171 907 1224 quaesita
921 1176 1057 1221 erunt,
1073 1171 1151 1212 nisi
1165 1172 1421 1213 vindicatum
1435 1172 1478 1213 in
1504 1183 1542 1210 8⁶

40 1230 195 1279 noxios,
217 1230 316 1283 quid
334 1231 413 1271 erit
431 1231 645 1284 reliquum,
667 1231 745 1271 nisi
763 1237 811 1271 ut
830 1231 920 1280 illis,
943 1231 1015 1284 qui
1033 1245 1081 1272 ea
1099 1231 1242 1281 fecere,
1263 1231 1479 1273 oboedien-

40 1295 102 1329 tes
119 1289 337 1331 vivamus?
373 1304 470 1331 nam
486 1290 640 1344 inpune
659 1304 764 1343 quae
782 1290 898 1331 lubet
915 1291 1061 1339 facere,
1082 1291 1124 1330 id
1143 1297 1206 1332 est
1224 1305 1360 1344 regem
1379 1306 1476 1333 esse.

42 1362 170 1402 neque
184 1362 258 1403 ego
271 1363 358 1398 vos,
380 1349 569 1399 Quirites,
585 1350 738 1398 hortor,
754 1355 802 1390 ut
815 1349 967 1390 malitis
980 1349 1080 1390 civis
1093 1356 1255 1392 vostros
1267 1364 1481 1405 perperam
1507 1361 1545 1390 27

93 1467 138 1502 in
173 1467 392 1512 perniciem
428 1479 573 1504 casura
610 1474 727 1505 esset:

44 1515 144 1550 'zum
209 1515 422 1551 Ver-derben
486 1517 729 1562 aussohlagen

46 1562 201 1598 miisste'.
253 1563 324 1598 Die
360 1563 584 1610 periphrast.
624 1565 727 1600 Kon-

47 1609 222 1655 jugation
257 1621 352 1656 ganz
388 1611 458 1646 wie
497 1611 637 1657 μέλλω.

92 1658 148 1692 22.
182 1663 375 1703 quantum
405 1659 553 1704 inport.
586 1660 729 1696 habent

47 1720 84 1733 =
116 1716 189 1750 pro
216 1705 303 1748 illa,
331 1718 430 1752 quae
458 1711 570 1743 tanta
597 1708 642 1742 in
669 1708 729 1742 eis·

44 1755 112 1793 est,
150 1752 454 1798 inportunitate.

91 1799 232 1835 deinde
267 1817 303 1830 =
346 1802 390 1837 in
426 1807 627 1847 posterum
660 1802 729 1837 hat

44 1847 117 1882 den
156 1847 239 1883 Ton
278 1848 356 1884 und
397 1849 531 1895 gehort
569 1861 641 1885 nur
681 1861 727 1884 zu

44 1894 241 1938 faciundi.

89 1947 266 1978 aeterna:
285 1944 339 1978 'in
357 1943 428 1979 alle
447 1943 657 1990 Ewigkeit’‚
676 1944 728 1980 ist

43 1989 192 2030 betont;
222 1989 283 2025 die
311 1990 533 2038 Bedingung
560 1992 647 2028 nisi
676 2019 683 2027 .
715 2019 724 2027 .

44 2037 219 2081 eripitur
257 2038 371 2073 wir-kt
411 2038 507 2074 auch
548 2039 613 2074 auf
654 2039 727 2074 den

46 2086 134 2119 Satz
163 2090 199 2120 et
229 2112 237 2119 .
269 2113 277 2120 .
311 2087 524 2122 remanebit
553 2086 724 2122 hiniiber.

89 2142 177 2168 cum
193 2133 448 2179 intelleqetis:
463 2134 533 2169 'wo
549 2134 609 2169 ihr
623 2134 726 2169 daun

41 2190 106 2214 zur
142 2180 315 2216 Einsioht
349 2182 525 2217 kommen
559 2182 724 2224 werdet’‚

41 2226 131 2262 oder
177 2228 268 2262 ‘und
316 2228 418 2264 dann
466 2229 607 2264 werdet
652 2229 723 2265 ihr’

42 2285 132 2310 usw.

89 2334 159 2367 per
188 2334 351 2359 manus:
383 2324 463 2359 ‘auf
494 2324 580 2360 dem
611 2324 725 2370 Wege

38 2369 106 2404 der
132 2370 305 2411 Gewalt’;
332 2376 440 2407 sonst
461 2372 566 2407 steht
588 2384 723 2414 manu,

40 2417 107 2451 wie
135 2418 232 2454 oben
265 2420 283 2463 ξ
319 2420 360 2453 18
390 2418 468 2455 und
498 2420 607 2455 oster.
653 2421 725 2456 Die

42 2463 284 2511 Anwendung
311 2467 377 2501 der
405 2468 643 2513 Priiposition
669 2480 722 2503 er-

41 2512 218 2557 moglieht
248 2514 309 2548 die
345 2515 510 2560 Setzung
540 2515 606 2550 des
639 2515 722 2550 Plu-

42 2559 139 2601 ralis,
186 2562 316 2597 vomit
362 2562 616 2608 ausgedrfickt
661 2564 723 2604 ist,

39 2604 114 2640 dass
161 2607 233 2644 alle
282 2609 354 2644 mit
401 2610 516 2646 Hand
567 2610 724 2656 anlegen

39 2653 172 2694 nonen:
206 2657 393 2692 manibus
428 2662 525 2692 wiire
562 2658 628 2692 der
665 2659 723 2693 In-

797 1469 1057 1505 strumentalis
1070 1469 1137 1505 des
1150 1469 1299 1506 Wortes
1313 1471 1354 1507 in
1367 1472 1488 1508 seiner

797 1517 1046 1562 eigentliehen
1071 1517 1307 1565 Bedeutung.

844 1566 902 1600 24.
926 1564 971 1599 in
991 1570 1072 1601 tam
1091 1564 1268 1602 divor-oio
1284 1566 1488 1603 mentibus

799 1627 836 1640 =
895 1623 983 1648 cum
1034 1618 1115 1649 tam
1165 1613 1350 1650 divorsae
1401 1614 1486 1651 sint

797 1665 956 1696 mentes.

845 1707 902 1743 25.
952 1708 1167 1744 mittatis:
1217 1709 1294 1756 legt
1343 1709 1485 1745 Sallust

797 1754 883 1790 dem
916 1755 1127 1798 Memmius,
1160 1756 1259 1792 nach
1291 1756 1378 1792 dem
1414 1756 1483 1793 Ge-

798 1802 940 1837 brauoh
973 1803 1039 1838 der
1063 1803 1208 1839 alteren
1235 1804 1411 1850 Spraohe,
1444 1805 1484 1840 in

797 1850 871 1885 den
899 1850 1030 1892 Mund.
1061 1851 1227 1898 dagegeu
1256 1852 1339 1887 Cat.
1371 1853 1430 1894 51,
1461 1854 1484 1887 5

795 1898 864 1932 das
909 1898 1112 1935 klassisohe
1156 1899 1353 1935 dimittere
1397 1899 1483 1935 dem

795 1946 922 1987 Ciisar,
943 1957 984 1980 so
1005 1946 1100 1981 auch
1122 1947 1194 1982 mit
1211 1946 1483 1993 personliohem

796 1993 886 2028 oder
904 1993 1131 2029 sachliohem
1145 1994 1230 2039 Obj.
1254 1995 1314 2030 bei
1333 1995 1482 2035 Cicero:

795 2053 825 2076 s.
845 2051 891 2075 zu
912 2042 928 2086 ,8,
948 2041 991 2075 21
1011 2041 1073 2077 die
1089 2042 1392 2089 Umschreibung
1407 2053 1484 2079 von

801 2100 968 2172 lumi}
1006 2137 1170 2172 niimlich
1206 2137 1246 2172 in
1282 2137 1356 2173 den
1392 2129 1480 2174 Ver—

795 2183 1036 2230 handlungen
1054 2184 1131 2220 und
1152 2184 1397 2222 Besohliissen
1417 2185 1483 2220 des

798 2232 943 2267 Senats.
1282 2237 1286 2244 ’

841 2279 898 2314 26.
925 2279 1125 2326 quaesita:
1148 2280 1222 2327 vgl.
1252 2281 1269 2325 §
1298 2281 1341 2316 18
1365 2291 1479 2326 quae-

795 2326 1007 2363 stionibus.

841 2386 936 2410 nam
957 2375 1109 2419 inpune
1133 2402 1141 2411 .
1166 2402 1173 2410 .
1199 2402 1207 2410 .
1232 2385 1357 2421 reyem
1378 2386 1479 2410 esse:

793 2433 832 2456 es
867 2422 960 2468 liegt
993 2422 1115 2458 bierin
1149 2424 1231 2458 eine
1266 2422 1392 2458 soharf
1427 2434 1479 2457 er·

793 2469 981 2504 widernde
1025 2470 1103 2505 Ans
1131 2470 1258 2515 ielung
1299 2469 1364 2504 auf
1407 2469 1478 2504 den

794 2516 979 2559 Vorwurf,
1000 2516 1073 2568 den
1117 2518 1150 2552 ie
1168 2518 1390 2564 Optimaten
1406 2516 1478 2552 den

798 2564 992 2600 Gracchen
1006 2565 1181 2610 gemacht
1194 2566 1343 2606 hatten:
1362 2575 1391 2599 s,
1410 2565 1427 2608 §
1443 2566 1475 2599 8.

842 2613 898 2647 27.
924 2623 1046 2658 neque
1069 2639 1078 2648 .
1103 2639 1111 2647 .
1138 2640 1146 2647 .
1171 2612 1305 2648 hortor
1326 2627 1362 2640 ε·
1396 2613 1413 2656 §
1437 2614 1477 2649 {iz

793 2659 860 2694 der
881 2659 1058 2694 Godanke
1075 2660 1224 2694 iihnlioh
1245 2659 1359 2694 sehon
1381 2659 1399 2703 ξ
1418 2659 1475 2694 21.
