1696 2820
163 130 248 175 146
629 125 673 164 O.
696 123 951 164 SALLVS'H
974 123 1145 162 cmsm

1178 203 1226 230 f

161 246 321 288 factum
341 257 541 299 umquam
562 241 690 285 volui:
713 247 760 285 at
780 242 877 284 finis
898 254 1011 284 meos
1033 241 1255 283 advorsum
1277 247 1458 284 armatos
1481 243 1608 283 armis

117 315 136 344 '1
160 309 324 347 tutatus
347 317 452 346 sum.
492 303 536 344 id
559 303 722 352 omitto,
747 302 914 356 quando
938 301 1056 344 vobis
1079 301 1141 342 ita
1164 302 1314 355 placet:
1341 303 1468 354 gerite
1492 302 1606 355 quod

118 376 139 404 a
161 365 286 406 voltis
317 378 412 406 cum
444 364 647 417 Iugurtha
676 363 842 404 bellum.
891 375 964 415 ego
996 361 1153 402 flumen
1184 361 1456 411 Muluccham,
1491 362 1604 415 quod

158 425 267 466 inter
284 438 350 465 me
368 429 412 465 et
428 423 643 476 Micipsam
660 422 753 471 fuit,
775 436 857 462 non
875 421 1060 475 egrediar
1077 434 1209 473 neque
1227 421 1271 461 id
1288 421 1442 462 intrare
1461 422 1606 475 Iugur-

159 485 278 526 tham
302 483 447 524 sinam.
488 488 701 536 praeterea
726 482 760 522 si
786 481 886 534 quid
910 495 1057 533 meque
1081 480 1280 533 vobisque
1307 479 1475 534 dignum
1500 482 1603 535 peti-

158 544 280 592 veris,
311 542 425 583 haud
453 542 639 595 repulsus
670 540 827 582 abibis?

62 611 139 651 111
267 608 333 648 Ad
349 622 398 648 ea
417 607 528 649 Sulla
544 620 618 660 pro
635 621 677 647 se
693 606 875 647 breviter
890 611 932 646 et
949 605 1119 653 modice,
1138 604 1189 645 de
1204 618 1304 658 pace
1321 611 1363 646 et
1380 606 1604 646 communi-

87 712 96 713 ,
158 667 237 709 bus
264 667 385 708 rebus
412 667 553 707 multis
580 666 782 706 disseruit.
827 665 1002 718 denique
1029 664 1114 717 regi
1140 665 1350 717 patefecit:
1381 665 1491 718 quod
1519 665 1603 718 pol-

128 738 130 740 ·
158 727 363 775 liceretur,
405 731 595 767 senatum
635 731 677 766 et
716 725 915 778 populum
954 725 1202 772 Romanum,
1246 724 1441 776 quoniam
1480 725 1605 766 armis

159 786 335 839 'amplius
355 786 593 834 valuissent,
622 799 706 825 non
726 785 769 824 in
789 784 921 837 gratia
947 783 1180 831 habituros;
1209 783 1447 824 faciundum
1468 785 1505 825 ei
1533 785 1603 825 ali-

160 846 273 899 quid,
294 845 405 898 quod
423 846 584 886 illorum
604 844 732 896 magis
752 858 877 896 quam
895 857 969 884 sua
988 843 1173 883 retulisse
1191 843 1418 891 videretur;
1440 843 1482 883 id
1501 844 1603 884 adeo

159 905 204 946 in
223 910 421 958 promptu
442 919 541 953 esse,
566 905 761 957 quoniam
784 903 944 956 copiam
967 902 1191 956 Iugurthae
1214 902 1399 943 haberet:
1425 917 1547 956 quem
1569 904 1605 944 si

117 976 138 1003 2
159 965 358 1006 Romanis
372 964 622 1012 tradidisset,
639 964 725 1004 fore
742 969 790 1003 ut
804 963 862 1003 illi
875 963 1112 1016 plurumum
1127 962 1362 1010 deberetur;
1380 963 1604 1004 amicitiam

158 1024 303 1066 foedus
324 1020 542 1065 Numidiae
567 1028 740 1076 partem,
771 1037 896 1075 quam
925 1036 1033 1062 nunc
1062 1027 1232 1074 peteret,
1262 1027 1361 1062 tunc
1391 1023 1501 1063 ultro
1532 1023 1603 1063 ad·

158 1089 389 1125 venturam.
452 1097 526 1124 rex
570 1083 702 1135 primo
749 1083 948 1135 negitare:
995 1081 1280 1134 cognationem
1327 1082 1602 1131 adfinitatem,

158 1148 372 1197 praeterea
399 1143 543 1184 foedus
571 1142 855 1190 intervenisse;
886 1141 940 1181 ad
968 1141 1045 1181 hoc
1073 1146 1267 1189 metuere,
1298 1155 1348 1181 ne
1377 1141 1492 1182 fluxa
1520 1142 1603 1183 fide

159 1215 258 1244 usus
283 1202 543 1256 popularium
570 1202 727 1242 animos
754 1206 975 1249 avorteret,
1004 1200 1095 1252 quis
1121 1205 1163 1240 et
1189 1201 1391 1253 Iugurtha
1416 1215 1535 1242 carus
1561 1207 1604 1243 et

118 1273 137 1300 3
159 1263 340 1303 Romani
365 1262 487 1302 invisi
515 1266 643 1302 erant.
689 1261 864 1313 denique
891 1260 1053 1313 saepius
1080 1259 1278 1312 fatigatus
1305 1260 1457 1300 lenitur
1483 1267 1526 1301 et
1553 1276 1604 1302 ex

119 1334 137 1362 4
159 1322 377 1363 voluntate
412 1321 547 1362 Sullae
581 1321 719 1361 omnia
751 1335 793 1361 se
825 1321 1034 1360 facturum
1066 1319 1286 1372 promittit.
1336 1325 1516 1360 ceterum
1550 1321 1605 1360 ad

161 1381 434 1422 simulandam
461 1394 616 1434 pacem,
645 1380 760 1421 euius
785 1378 967 1420 Numida
992 1379 1174 1419 defessus
1200 1379 1304 1419 bello
1331 1379 1603 1421 avidissumus

168 1540 170 1542 ,
205 1503 239 1536 6.
264 1501 370 1547 finis
389 1513 514 1536 meos:
535 1500 693 1536 welches
717 1499 854 1535 Gebiet
910 1498 1023 1534 linie‘.
1076 1499 1130 1534 Zu
1166 1498 1287 1533 dieser
1322 1498 1605 1535 Konstruktion

158 1549 331 1585 Bocchus
359 1550 491 1590 meint,
519 1560 548 1583 s,
582 1549 662 1590 102,
695 1549 749 1583 13.

206 1604 239 1637 7.
267 1601 329 1638 id:
353 1601 518 1636 namlieh
543 1600 611 1636 das
636 1600 763 1636 tuta-ri
787 1611 853 1636 eos

84 1665 87 1668 ⁴
158 1649 292 1733 ἱξζέτίεὸ
333 1643 439 1685 Uber
482 1649 640 1694 quando
683 1649 758 1694 vgl.
805 1659 852 1682 zu

205 1750 328 1796 gerite
366 1760 476 1785 usw.:
518 1749 584 1784 der
622 1748 851 1784 Nachdruck

155 1796 254 1845 liegt
289 1797 354 1833 aui
392 1797 604 1843 Iuyurffia,
643 1796 730 1831 dem
766 1807 851 1831 vor-

157 1846 300 1882 letzten
331 1845 463 1881 Worte
496 1844 562 1879 des
598 1844 740 1885 Satzes,
774 1854 852 1879 was

158 1893 219 1930 bei
262 1893 406 1929 Sallust
444 1892 648 1928 besonders
688 1891 748 1927 oft
787 1891 854 1926 der

157 1941 241 1978 Fau
267 1942 336 1982 ist;
366 1940 441 1987 vgl.
473 1953 504 1975 z.
536 1940 581 1976 B.
612 1940 676 1975 Or.
707 1939 798 1984 Lep.
833 1940 850 1973 l

157 1994 265 2026 metu
280 1993 429 2029 «metro,-
445 1988 509 2024 Or.
525 1988 644 2023 Macri
660 1989 707 2022 20
723 1987 851 2023 dolus.

207 2043 241 2078 8.
279 2042 387 2077 inter
417 2052 478 2078 me
513 2052 621 2076 usw.:
658 2041 745 2075 dem
782 2039 851 2075 Ge-

160 2089 401 2136 spx-acham,
423 2090 462 2123 in
482 2089 648 2124 welchen
661 2088 742 2123 hier
757 2087 851 2122 Boc-

159 2137 264 2177 chus,
308 2148 373 2171 um
416 2137 510 2172 iiber
551 2138 654 2171 seine
700 2135 850 2171 Schein-

158 2185 429 2221 konzessionen
481 2184 590 2218 rasch
642 2183 850 2228 hinwegzu-

159 2233 349 2272 kommen,
383 2243 459 2266 von
495 2233 513 2275 ξ
548 2234 569 2266 7
603 2242 652 2265 an
684 2230 850 2271 verfflllt,

160 2289 422 2326 angemessene
453 2279 758 2324 Ungenauigkcit
786 2278 851 2313 des

160 2326 391 2368 Ausdrucks‚
434 2329 534 2361 statt
576 2326 682 2361 inter
721 2336 851 2361 meam

161 2380 198 2412 et·
212 2374 421 2420 Micipsae
443 2386 481 2409 re
485 2385 625 2419 Jnum‚
645 2385 710 2408 zur
733 2373 851 2408 Saehe

160 2422 235 2469 vgl.
262 2423 317 2464 19,
341 2424 361 2457 7
383 2421 462 2457 und
483 2423 542 2463 92,
565 2424 599 2457 5.

209 2474 271 2511 id.-
324 2475 436 2521 geht
465 2475 530 2510 auf
581 2474 649 2509 das
701 2473 851 2509 vorher-

161 2522 328 2570 gehende
349 2523 501 2567 [lumen
518 2522 593 2563 ῑΙ.
615 2521 693 2556 und
712 2524 855 2556 ersetzt

163 2571 237 2606 den
282 2581 350 2605 aus
394 2571 479 2605 dem
526 2569 853 2612 Zusammenhano·

161 2619 239 2654 sich
267 2618 501 2663 ergebcnden
529 2618 593 2652 Bm
584 2617 672 2663 gris}
699 2616 851 2652 Grenz-

910 1558 987 1582 von
1010 1547 1161 1581 intrare
1184 1547 1258 1592 vgl.
1281 1546 1356 1581 Cic.
1380 1547 1475 1582 Phil.
1500 1548 1534 1588 2,
1557 1550 1605 1583 68

912 1600 956 1649 tu
993 1593 1099 1629 illud
1137 1594 1438 1630 sancti-ssimum
1479 1595 1603 1631 limen

912 1647 1064 1678 entrare
1089 1653 1217 1676 ausus
1242 1653 1293 1677 cs.

959 1694 1068 1729 haud
1105 1694 1311 1739 repulsus:
1350 1694 1458 1730 haud
1495 1701 1605 1731 sonat

911 1742 971 1778 bei
993 1742 1082 1778 Sall.
1102 1753 1174 1777 nur
1192 1754 1261 1778 vor
1279 1742 1366 1786 Adj.
1388 1742 1466 1777 und
1485 1743 1602 1785 Adv.;

911 1789 1008 1825 auch
1037 1790 1117 1825 hier
1145 1791 1184 1825 in
1214 1789 1280 1825 der
1308 1790 1454 1826 Litotcs
1483 1791 1606 1826 ‘nicht

910 1837 1034 1873 etwa'.

962 1891 1040 1925 111.
1072 1891 1103 1925 1.
1133 1902 1227 1925 sua:
1253 1890 1417 1936 bezogen
1443 1892 1509 1926 auf
1534 1892 1605 1926 das

911 1938 1074 1984 logische
1093 1938 1257 1983 Subjekt
1273 1950 1349 1974 von
1366 1938 1605 1983 faciundum

912 1986 962 2027 ei,
989 1986 1155 2021 niimlich
1181 1985 1346 2022 Boccho.

959 2039 993 2074 2.
1024 2039 1299 2083 coqnationem
1326 2039 1606 2084 adfinitatem:

912 2098 940 2122 s.
970 2089 1028 2128 80,
1055 2090 1088 2122 6.

960 2134 1241 2170 intervenisse:
1278 2135 1318 2169 in
1355 2134 1422 2169 der
1458 2135 1601 2170 Beden-

910 2186 1016 2228 tung,
1040 2182 1102 2217 die
1124 2181 1219 2217 auch
1245 2182 1482 2218 intercedere
1505 2182 1606 2218 &fter

910 2229 991 2271 hat,
1021 2229 1117 2265 ‘eine
1146 2229 1391 2276 Verbindung
1420 2231 1603 2266 zwischen

910 2279 1046 2312 zweien
1085 2277 1241 2317 bilden';
1278 2277 1352 2312 Cic.
1391 2290 1427 2324 p.
1471 2278 1600 2320 Quint.

914 2326 969 2367 15,
989 2327 1036 2360 48
1056 2324 1106 2366 is,
1126 2325 1287 2369 quicum
1307 2326 1383 2361 tibi
1401 2326 1606 2370 adfinitas

911 2373 1093 2413 societas,
1114 2384 1250 2408 omnes
1268 2373 1437 2418 denique
1457 2386 1602 2412 causae

912 2426 947 2455 et
971 2420 1289 2456 necessitudines
1313 2427 1460 2458 veteres
1484 2423 1605 2459 ineer-

912 2467 1108 2504 cedebant.

960 2523 994 2556 4.
1035 2532 1190 2565 pacem:
1229 2521 1391 2556 niimlich
1430 2522 1503 2557 den
1542 2524 1603 2561 dio

914 2569 1053 2650 Risinier
1086 2570 1158 2603 mit
1186 2568 1379 2614 Jugurtha
1412 2571 1603 2608 sehliessen

912 2629 994 2651 wur
1023 2628 1080 2650 on.
